3120 4930
733 477 955 542 -15-

308 673 513 741 sexcentieus
537 672 673 736 verbum
690 673 852 737 ποιεῖσθαι
878 671 1025 757 posuisse
1043 670 1090 734 ad
1107 668 1264 756 simplicis
1280 667 1375 734 verbi

307 782 470 847 notionem
497 778 831 845 circumscribendam
854 779 920 843 iam
943 779 981 843 Ε.
1006 777 1049 847 H.
1073 777 1187 864 Haupt
1200 781 1223 861 1)
1241 777 1373 842 adnota-

269 905 272 914 ’
308 890 357 954 vit
390 888 520 974 aliique,
552 886 642 950 velut
666 885 846 969 Gehler12),
880 884 1028 970 pluribus
1057 883 1177 950 adlatis
1215 883 1375 970 exemplis

308 996 594 1060 confirmaverunt.

396 1103 443 1167 Ut
466 1103 499 1165 in
528 1101 592 1165 fine
622 1101 719 1174 huius
750 1101 853 1185 partis
886 1122 969 1186 quae
1003 1099 1111 1163 adhuc
1136 1099 1374 1185 disputavimus

309 1209 422 1296 paucis
446 1209 711 1294 complectamur,
736 1209 817 1273 haec
841 1210 909 1272 fera
934 1209 1086 1273 videntur
1111 1207 1260 1273 dicenda.

397 1317 541 1382 Primum
578 1316 657 1380 satis
689 1316 791 1381 multa
822 1316 1018 1391 invenimus,
1052 1339 1135 1402 quae
1166 1315 1377 1380 veliementer

308 1424 485 1488 abhorrent
509 1447 529 1488 a
562 1423 705 1507 pedestri
736 1423 877 1488 dictione
910 1423 1089 1509 poesinque
1121 1422 1256 1508 spirant,
1281 1421 1378 1507 plura

310 1535 455 1614 fortasse,
480 1553 576 1616 quarn
610 1530 698 1616 apud
730 1529 902 1616 plerosque
936 1540 1080 1596 oratores
1103 1529 1241 1594 Atticos.
1289 1529 1376 1616 quod

308 1637 430 1704 nemini
454 1635 515 1702 erit
538 1637 758 1720 admirationi,
783 1636 810 1701 si
833 1637 1045 1722 reputaverit,
1063 1644 1184 1722 quanto
1200 1636 1376 1723 Lycurgus

308 1745 416 1810 studio
441 1744 474 1808 in
498 1754 668 1830 poetarum
692 1744 845 1830 operibus
869 1753 1018 1809 versatus
1042 1744 1092 1829 sit,
1116 1751 1228 1829 utpote
1253 1741 1319 1830 qui,
1336 1764 1377 1806 ne

309 1853 568 1938 depravarentur
592 1874 791 1917 summorum
815 1860 982 1937 poctarum
1007 1861 1226 1934 monumenta,
1251 1849 1373 1915 fabula·

308 1982 380 2024 rum
409 1958 556 2023 codicem
590 1983 687 2046 quam
716 1957 860 2026 maxime
900 1968 1090 2024 accuratum
1124 1956 1376 2022 describendum

312 2077 343 2130 et.
366 2066 498 2152 publice
522 2067 783 2133 conservandum
808 2076 946 2151 curaret,
972 2089 1035 2154 quo
1060 2067 1101 2131 ab
1119 2063 1300 2151 exemplari
1323 2087 1376 2128 ac-

308 2173 433 2238 toribus
457 2174 489 2237 iu
515 2175 652 2257 agendis
676 2175 796 2240 fabulis
822 2175 991 2242 discedere
1015 2197 1079 2239 non
1104 2173 1225 2256 liceret,
1284 2195 1378 2259 prae·

310 2290 400 2344 terea
424 2303 550 2346 summa
573 2282 693 2366 pietate
718 2282 856 2346 coluisse
880 2305 953 2346 eum
977 2303 1113 2366 magnos
1144 2261 1286 2344 civitatis
1303 2301 1377 2365 poe-

310 2397 360 2451 tas
376 2386 454 2450 iude
468 2409 596 2474 quoque
607 2387 815 2472 intellegitur,
834 2387 921 2474 quod
938 2395 1061 2453 statuas
1079 2388 1176 2451 trium
1188 2385 1378 2471 tragoediae

309 2493 505 2578 principum.
550 2494 717 2584 Aeschyli,
761 2491 941 2580 Sophoclis,
972 2493 1151 2579 Euripidis,
1183 2493 1217 2557 in
1252 2493 1377 2562 theatro

310 2599 443 2684 Bacchi,
469 2600 556 2687 quod
579 2601 649 2686 ipse
674 2603 869 2685 confecerat,
893 2601 972 2688 poni
995 2601 1127 2687 iussitss)
1183 2601 1245 2665 ista
1269 2611 1377 2664 autem

310 2707 495 2792 frequentia
530 2707 706 2773 verborum
742 2710 856 2794 poesin
890 2707 1106 2774 redolentium
1142 2715 1271 2773 auctam
1307 2727 1377 2770 osse

310 2811 506 2895 gravitatem
532 2814 687 2878 orationis
712 2823 743 2878 et
767 2815 983 2901 splendorem,
1001 2814 1128 2880 etiamsi
1145 2835 1377 2900 nonuunquam

311 2919 445 3001 turgida
467 2919 539 2984 lieri
563 2919 726 3006 videatur,
757 2921 829 3008 quis
862 2931 911 2986 est
943 2921 998 3008 qui
1022 2922 1147 3004 neget?
1171 2919 1267 3005 plane
1291 2919 1377 2984 idem

312 3026 453 3092 efficitur
488 3048 535 3110 eo,
573 3027 660 3113 quod
696 3028 842 3094 carmina
876 3038 944 3094 tota
978 3038 1149 3114 poetarum
1173 3028 1207 3092 in
1232 3026 1379 3092 oratione

311 3132 405 3224 nobis
434 3134 557 3200 tradita
588 3135 740 3199 recitavit
749 3137 775 3218 ⁴)
813 3141 869 3220 (ἕξ
894 3137 946 3219 92,
974 3137 1046 3219 100,
1074 3134 1147 3221 103,
1175 3135 1235 3198 107
1261 3133 1379 3221 [109]),

311 3249 400 3324 puto,
417 3249 453 3304 ut
469 3240 635 3306 auditores
652 3243 897 3326 praeclarorum
914 3241 1137 3327 exemplorum
1154 3239 1379 3326 contemplati·

313 3369 373 3410 oue
387 3346 627 3412 delectarentur
639 3357 736 3435 atque
749 3337 879 3436 pietatis
892 3372 988 3414 sensu
1002 3349 1224 3434 implerentur.
1239 3347 1380 3433 denique

313 3453 401 3539 quod
413 3453 680 3521 translationibus
689 3466 721 3520 et
733 3457 932 3541 imaginibus
946 3456 1055 3522 multis
1070 3455 1174 3544 (velut
1186 3457 1380 3545 μηλόβοτος,

313 3561 361 3624 ἐπὶ
387 3562 494 3650 γήρως
519 3564 608 3649 οὐδῷ
625 3563 677 3648 [cf.
695 3568 817 3649 supral,
835 3569 855 3648 ς
872 3564 914 3628 53
937 3573 995 3630 οὐκ
1018 3563 1161 3628 ἀπέδωκε
1186 3567 1224 3626 τὰ
1248 3569 1382 3651 τροφεῖα

403 3793 422 3856 ¹)
439 3788 495 3844 ‘De
516 3791 602 3845 lsoor.
622 3795 758 3863 epistulis
777 3796 878 3864 prima,
898 3803 987 3863 sexta,
1005 3787 1129 3862 octava,
1148 3796 1214 3849 diss.
1233 3793 1381 3864 Lips.-Zit-

313 3885 362 3931 tau
385 3878 463 3932 1873.
481 3898 507 3950 p.
530 3879 554 3933 7.

403 3969 424 4032 a)
441 3964 498 4021 ‘De
518 3969 680 4023 elocutione
700 3970 865 4039 Isocratea’,
885 3973 951 4028 diss.
971 3973 1051 4044 Lips.
1075 3973 1149 4026 1874.
1168 3989 1193 4040 p.
1214 3972 1247 4025 25
1267 3987 1307 4041 sq.

403 4055 423 4122 ³)
443 4075 470 4110 v.
489 4056 536 4110 Ps.
556 4057 631 4111 Plut.
652 4061 702 4114 vit.
723 4061 793 4130 Lyc.
814 4081 840 4132 p.
860 4062 912 4114 348
932 4063 976 4115 ed.
995 4062 1092 4116 Reislr.

401 4144 423 4210 ⁴)
444 4146 480 4200 cf.
494 4145 629 4218 Hermog.
644 4149 661 4202 l.
673 4168 697 4203 c.
712 4153 819 4224 χρῆσαι
839 4149 868 4204 di
889 4153 1017 4204 πολλάκις
1036 4151 1081 4204 καὶ
1102 4157 1161 4203 ταῖς
1181 4151 1383 4224 παραβάσεσιν

314 4231 358 4286 ἐπὶ
378 4272 384 4287 .
405 4272 411 4287 .
432 4275 437 4287 .
458 4237 597 4307 ποιήματα
625 4242 785 4312 φερόμενος1
813 4239 832 4295 δι’
850 4240 883 4314 δὴ
906 4243 955 4314 τῆς
976 4242 1152 4311 φαινομένης
1172 4239 1229 4292 ἐστὶ
1249 4241 1293 4292 καὶ
1315 4217 1383 4292 uriroi

315 4323 479 4393 δεινότητος.
603 4336 604 4340 ’
