3120 4930
780 481 1000 549 ωνο...

353 677 458 767 ἀρχὴν
484 683 538 766 τῆς
555 679 794 766 κατηγορίαςξ
817 679 852 742 11
871 679 944 749 τοὺς
969 679 1092 764 λιμένας
1117 682 1173 765 τῆς
1197 679 1331 759 πόλεως)
1355 679 1421 744 nisi

351 785 455 850 tribus
481 785 574 850 loeis:
600 791 620 866 ξ
648 786 687 850 14
716 787 775 872 τὴν
805 786 894 851 πόλιν
920 787 990 872 τὴν
1016 792 1080 849 τῶν
1103 783 1239 864 Ῥοδίων,
1263 794 1283 870 ξ
1311 786 1373 850 116
1401 787 1419 874 ἡ

352 893 445 958 εἰκὼν
463 894 481 982 ἦ
497 892 682 981 Ἱππάρχου,
707 899 727 975 ξ
755 893 814 956 131
842 894 900 979 τὴν
924 893 1029 957 εἰκόνα
1054 894 1124 979 τὴν
1150 895 1206 957 τοῦ
1230 895 1360 982 πατρός.
1382 916 1423 958 ae

353 1023 393 1064 ne
424 999 526 1085 priori
552 1000 685 1086 quidem
716 999 921 1064 substantivo
946 1000 1083 1082 adponit
1113 999 1286 1064 articulum
1310 1007 1329 1082 ξ
1357 1000 1421 1064 144

353 1111 386 1172 ἐν
423 1109 584 1196 ἐλευθέρῳ
608 1107 754 1191 (Dobree
785 1110 889 1174 ἐλευθ.
928 1113 989 1195 τῷ)
1030 1107 1138 1195 ἐδάρει
1174 1111 1230 1196 τῆς
1265 1109 1421 1196 πατρίδος

358 1225 377 1301 ξ
404 1221 465 1284 149
490 1220 568 1307 ὑπὲρ
592 1219 797 1290 ἀναστάσεως
828 1223 895 1305 τῆς
931 1217 1094 1304 πατρίδος,
1129 1217 1421 1302 1451111111-

353 1327 464 1414 θερίας
489 1325 555 1412 καί)
573 1329 629 1391 τοῦ
655 1327 759 1415 δήμου
776 1325 948 1412 σωτηρίας,
967 1323 1053 1409 quod
1070 1322 1214 1388 breviter
1230 1334 1279 1386 est
1295 1323 1420 1386 dietum

352 1455 411 1517 pro
437 1437 492 1520 τῆς
518 1435 574 1498 τοῦ
599 1432 703 1522 δήμου
727 1431 899 1520 σωτηρίας.

442 1539 587 1604 Similem
610 1541 644 1603 in
667 1539 799 1604 modum
823 1537 981 1602 omittitur
1005 1537 1161 1601 articulus
1178 1552 1252 1602 ante
1269 1535 1419 1601 substan·

353 1649 466 1732 tivum,
492 1669 688 1734 quamquam
722 1646 846 1730 positus
871 1653 919 1708 est
944 1653 1019 1708 ante
1044 1666 1182 1730 sequens
1198 1643 1420 1708 adieetivum:

353 1761 372 1837 §
396 1756 439 1820 55
463 1757 543 1842 μετὰ
560 1756 672 1826 παιδός
689 1754 746 1818 τοῦ
764 1753 998 1830 διακονοῦντος,
1015 1757 1034 1834 ξ
1051 1751 1095 1816 38
1111 1737 1180 1839 ίερδι
1205 1752 1249 1816 τά
1273 1755 1422 1839 πατρῷα,

352 1885 457 1948 neque
482 1861 531 1925 his
564 1861 779 1926 adnumerare
804 1858 917 1923 dubito
941 1865 961 1941 ξ
986 1859 1027 1923 13
1051 1859 1147 1946 όρυυς
1170 1859 1268 1929 τοὺς
1293 1861 1335 1930 εἰς
1360 1859 1422 1946 τὴν

353 1970 547 2050 ἐλευθερίαν.
594 1991 626 2032 v.
650 1967 808 2032 Kuehner
832 1971 851 2048 ξ
874 1965 949 2049 464,
976 1965 1005 2030 8.

440 2077 478 2140 In
503 2075 715 2140 substantivis
738 2073 900 2161 particula
933 2075 983 2138 καί
1016 2072 1197 2137 coniunctis
1227 2072 1337 2158 paullo
1368 2095 1422 2136 ra-

352 2184 471 2248 riorem
496 2183 627 2248 articuli
648 2205 743 2248 usum
767 2172 1042 2267 deprehendimus
1072 2179 1106 2243 in
1130 2185 1150 2262 ξ
1174 2179 1217 2244 30
1240 2181 1278 2243 οί
1301 2179 1423 2244 οἰκέται

355 2292 401 2356 καί
427 2291 627 2380 θεράπαιναι,
660 2290 718 2355 ubi
743 2289 865 2354 diversi
889 2287 1019 2372 generis
1043 2286 1249 2351 substantiva
1273 2308 1421 2370 compre-

354 2397 539 2462 henduntur
562 2420 627 2462 uno
652 2397 809 2480 articu103
835 2405 949 2460 contra
982 2400 1002 2478 ξ
1027 2395 1069 2458 32
1103 2395 1140 2457 οἰ
1164 2395 1283 2459 οἰκέται
1308 2395 1357 2458 καί
1387 2396 1423 2458 αί

354 2504 552 2594 θεράπαιναι,
577 2510 596 2588 ξ
620 2505 663 2569 34
687 2505 778 2576 τοὺς
802 2503 924 2575 οἰκέτας
949 2503 997 2566 καί
1020 2503 1085 2572 τὰς
1104 2502 1307 2588 θεραπαίνας.
1332 2501 1421 2564 simi-

353 2611 426 2676 liter
449 2635 489 2676 ne
513 2614 547 2676 in
571 2611 660 2676 hisee
685 2611 815 2698 quidem
833 2610 895 2674 sibi
913 2617 1039 2674 constat
1055 2616 1180 2673 orator:
1205 2615 1224 2690 ξ
1249 2608 1292 2672 90
1315 2607 1421 2692 scrip·

352 2719 394 2782 sit
424 2721 498 2791 τοὺς
534 2720 725 2792 κλέπτοντας
761 2720 810 2784 καί
847 2719 1100 2807 ἱεροσυλοῦντας,
1130 2715 1231 2798 sed§
1261 2716 1319 2780 117
1345 2716 1422 2787 τοὺς

352 2827 534 2916 ἀλιτηρίους
559 2828 608 2891 καί
633 2828 724 2898 τοὺς
747 2827 918 2914 προδότας,
944 2845 1140 2910 quamquam
1163 2822 1333 2909 utriusque
1356 2821 1422 2886 loci

352 2933 502 2998 condicio
527 2943 575 2998 est
599 2934 714 2998 eadem
738 2934 768 2997 h.
795 2955 821 2998 e.
847 2932 954 2997 eidem
983 2930 1130 2995 homines
1154 2929 1240 2994 binis
1265 2929 1417 2994 substan-

352 3039 429 3104 tivis
454 3039 678 3125 designantur.
705 3079 747 3088 -
772 3040 862 3126 prius
886 3037 1125 3104 substantivum
1157 3036 1293 3101 articulo
1318 3044 1420 3114 caret,

352 3145 513 3230 posterius
532 3169 616 3215 non:
658 3147 720 3232 frg.
747 3147 788 3212 98
813 3149 862 3212 δεῖ
884 3147 984 3234 ρίλοις
1009 3144 1059 3210 καί
1086 3149 1169 3216 τοῖς
1194 3144 1319 3214 οἰκείοις
1342 3145 1423 3232 slop-

353 3255 434 3318 θεῖν.
453 3293 494 3303 -
512 3254 552 3318 de
567 3260 587 3337 ξ
604 3257 640 3320 61
662 3256 721 3320 ὑπὸ
739 3261 803 3320 τῶν
821 3255 997 3343 τριάκοντα·
1008 3254 1057 3316 καί
1075 3252 1134 3317 ὑπὸ
1152 3251 1420 3338 Λακεδαιμονίων,

354 3359 409 3422 ubi
425 3371 654 3445 exspectamus
672 3370 727 3426 aut
743 3363 792 3426 καί
816 3363 926 3426 Λακεδ.
952 3367 1007 3424 aut
1031 3360 1080 3424 καί
1105 3360 1165 3424 ὑπὸ
1191 3364 1256 3422 τῶν
1279 3362 1313 3422 Λ.
1339 3356 1418 3420 vide

352 3488 383 3550 p.
410 3468 460 3536 18.
485 3468 580 3532 -si
604 3468 669 3532 duo
704 3468 868 3534 adieetiva
898 3467 1061 3553 particula
1095 3467 1144 3531 καί
1178 3464 1330 3550 copulata
1360 3463 1420 3528 uni

352 3572 556 3639 substantivo
572 3577 834 3660 praemittuntur,
858 3575 960 3661 priori
981 3581 1107 3639 tantum
1119 3572 1281 3638 adiectivo
1296 3570 1420 3635 addere

244 3679 249 3688 '
351 3676 432 3742 solet
462 3679 638 3767 Lycurgus
669 3661 852 3768 articulum,
888 3681 977 3746 velut
1006 3666 1034 3764 ξ’
1050 3681 1090 3744 91
1127 3681 1183 3744 τοῦ
1215 3679 1344 3748 ἀκλεοῦς
1368 3678 1419 3742 καί

353 3786 472 3860 ἀδόξου
497 3789 652 3868 θανάτου,
668 3793 689 3871 ξ
704 3789 747 3852 46
765 3791 797 3853 ἐν
821 3794 886 3861 τοίς
909 3789 1076 3878 δημοσίοις
1100 3788 1148 3851 καί
1174 3793 1289 3856 κοινοῖς
1305 3790 1418 3867 ἀγῶσι.

353 3890 411 3953 sed
435 3893 554 3978 repetit
577 3893 724 3959 sollemni
749 3895 891 3981 quodam
907 3895 1003 3959 modo
1029 3893 1204 3960 articulum
1226 3897 1246 3980 ξ
1266 3891 1327 3955 128
1345 3891 1420 3977 τὴν

353 3997 476 4062 δικαίαν
508 4001 557 4065 καὶ
589 4003 660 4088 τὴν
693 4004 827 4090 εὔορκον
859 4008 970 4090 ψῆφον
1001 4003 1147 4093 θήσεται.
1179 4021 1219 4062 ου
1253 4021 1293 4062 ne
1319 3997 1421 4061 ceteri

353 4104 483 4188 quidem
508 4117 652 4172 oratores
685 4110 787 4173 Attici
818 4120 941 4174 sertam
973 4109 1007 4173 in
1040 4109 1102 4174 hac
1125 4130 1161 4171 re
1184 4105 1289 4189 legem
1314 4101 1420 4167 seeuti

352 4229 422 4275 esse
451 4212 618 4278 ridentur:
643 4215 810 4281 Demosth.
835 4215 931 4301 XXI,
948 4217 1010 4278 221
1030 4217 1089 4302 τὴν
1113 4214 1205 4277 ὁσίαν
1229 4212 1278 4276 καί
1296 4209 1420 4275 δικαίαν

352 4317 483 4399 θέμενοι
506 4323 711 4410 δῆρον,εοε1
736 4324 827 4407 ΧΙΧ,
853 4323 913 4388 311
942 4323 1001 4411 τὴν
1025 4323 1117 4386 ὁσίαν
1141 4321 1190 4385 καί
1215 4321 1274 4406 τὴν
1297 4317 1420 4383 δικαίαν
