<?xml version="1.0" encoding="UTF-8"?>
<!DOCTYPE html PUBLIC "-//W3C//DTD XHTML 1.0 Transitional//EN"
    "http://www.w3.org/TR/xhtml1/DTD/xhtml1-transitional.dtd">
<html xmlns="http://www.w3.org/1999/xhtml" xml:lang="en" lang="en">
 <head>
  <title>
</title>
<meta http-equiv="Content-Type" content="text/html;charset=utf-8" />
  <meta name='ocr-system' content='tesseract 3.04.00' />
  <meta name='ocr-capabilities' content='ocr_page ocr_carea ocr_par ocr_line ocrx_word'/>
</head>
<body>
  <div class='ocr_page' id='page_1' title='image "./observationesin00mayegoog_0055.png"; bbox 0 0 3120 4930; ppageno 0'>
   <div class='ocr_carea' id='block_1_1' title="bbox 678 481 961 558">
    <p class='ocr_par' dir='ltr' id='par_1_1' title="bbox 678 481 961 558">
     <span class='ocr_line' id='line_1_1' title="bbox 678 481 961 558; baseline 0 0"><span class='ocrx_word' id='word_1_1' title='bbox 678 481 961 558; x_wconf 74' lang='lat'>·-50-</span> 
     </span>
    </p>
   </div>
   <div class='ocr_carea' id='block_1_2' title="bbox 721 689 971 746">
    <p class='ocr_par' dir='ltr' id='par_1_2' title="bbox 721 689 971 746">
     <span class='ocr_line' id='line_1_2' title="bbox 721 689 971 746; baseline 0.008 -2"><span class='ocrx_word' id='word_1_2' title='bbox 721 690 756 744; x_wconf 84' lang='lat' dir='ltr'><strong>l).</strong></span> <span class='ocrx_word' id='word_1_3' title='bbox 783 689 828 746; x_wconf 74' lang='lat' dir='ltr'><strong>lte</strong></span> <span class='ocrx_word' id='word_1_4' title='bbox 847 691 971 746; x_wconf 84' lang='lat' dir='ltr'><strong>aartstn.</strong></span> 
     </span>
    </p>
   </div>
   <div class='ocr_carea' id='block_1_3' title="bbox 307 813 1380 2187">
    <p class='ocr_par' dir='ltr' id='par_1_3' title="bbox 307 813 1380 2187">
     <span class='ocr_line' id='line_1_3' title="bbox 403 813 1380 900; baseline -0.003 -22"><span class='ocrx_word' id='word_1_5' title='bbox 403 814 479 878; x_wconf 87' lang='lat' dir='ltr'>Post</span> <span class='ocrx_word' id='word_1_6' title='bbox 503 815 617 897; x_wconf 89' lang='lat' dir='ltr'><strong>verba,</strong></span> <span class='ocrx_word' id='word_1_7' title='bbox 643 836 726 900; x_wconf 90' lang='lat' dir='ltr'><strong>quae</strong></span> <span class='ocrx_word' id='word_1_8' title='bbox 750 813 851 877; x_wconf 89' lang='lat' dir='ltr'><strong>futuri</strong></span> <span class='ocrx_word' id='word_1_9' title='bbox 874 813 1039 878; x_wconf 91' lang='lat' dir='ltr'><strong>notionem</strong></span> <span class='ocrx_word' id='word_1_10' title='bbox 1064 813 1097 877; x_wconf 91' lang='lat' dir='ltr'><strong>in</strong></span> <span class='ocrx_word' id='word_1_11' title='bbox 1122 836 1156 877; x_wconf 90' lang='lat' dir='ltr'><strong>se</strong></span> <span class='ocrx_word' id='word_1_12' title='bbox 1180 813 1310 883; x_wconf 84' lang='lat' dir='ltr'><strong>habent.</strong></span> <span class='ocrx_word' id='word_1_13' title='bbox 1335 835 1380 876; x_wconf 85' lang='lat' dir='ltr'><strong>se.</strong></span> 
     </span>
     <span class='ocr_line' id='line_1_4' title="bbox 312 919 1379 1007; baseline -0.002 -22"><span class='ocrx_word' id='word_1_14' title='bbox 312 919 506 1006; x_wconf 85' lang='lat' dir='ltr'><strong>spe1·andi,¹)</strong></span> <span class='ocrx_word' id='word_1_15' title='bbox 531 920 718 1007; x_wconf 79' lang='lat' dir='ltr'><strong>pellicandi,</strong></span> <span class='ocrx_word' id='word_1_16' title='bbox 743 919 874 984; x_wconf 86' lang='lat' dir='ltr'><strong>iurandi</strong></span> <span class='ocrx_word' id='word_1_17' title='bbox 897 930 1027 1006; x_wconf 87' lang='lat' dir='ltr'><strong>praeter</strong></span> <span class='ocrx_word' id='word_1_18' title='bbox 1050 919 1246 985; x_wconf 89' lang='lat' dir='ltr'><strong>infinitivum</strong></span> <span class='ocrx_word' id='word_1_19' title='bbox 1269 920 1379 998; x_wconf 81' lang='lat' dir='ltr'><strong>futuri,</strong></span> 
     </span>
     <span class='ocr_line' id='line_1_5' title="bbox 312 1027 1379 1116; baseline 0 -25"><span class='ocrx_word' id='word_1_20' title='bbox 312 1029 367 1116; x_wconf 96' lang='lat' dir='ltr'><strong>qui</strong></span> <span class='ocrx_word' id='word_1_21' title='bbox 390 1028 490 1114; x_wconf 80' lang='lat' dir='ltr'><strong>vulgo</strong></span> <span class='ocrx_word' id='word_1_22' title='bbox 515 1027 655 1114; x_wconf 88' lang='lat' dir='ltr'><strong>ponitur,</strong></span> <span class='ocrx_word' id='word_1_23' title='bbox 681 1027 845 1093; x_wconf 91' lang='lat' dir='ltr'><strong>interdum</strong></span> <span class='ocrx_word' id='word_1_24' title='bbox 877 1027 974 1092; x_wconf 88' lang='lat' dir='ltr'><strong>etiam</strong></span> <span class='ocrx_word' id='word_1_25' title='bbox 1007 1028 1162 1093; x_wconf 87' lang='lat' dir='ltr'><strong>aoristum</strong></span> <span class='ocrx_word' id='word_1_26' title='bbox 1187 1028 1300 1092; x_wconf 78' lang='lat' dir='ltr'><strong>inferri</strong></span> <span class='ocrx_word' id='word_1_27' title='bbox 1325 1028 1379 1092; x_wconf 92' lang='lat' dir='ltr'><strong>do-</strong></span> 
     </span>
     <span class='ocr_line' id='line_1_6' title="bbox 312 1134 1379 1223; baseline -0.002 -23"><span class='ocrx_word' id='word_1_28' title='bbox 312 1145 386 1200; x_wconf 86' lang='lat' dir='ltr'><strong>eent</strong></span> <span class='ocrx_word' id='word_1_29' title='bbox 408 1135 519 1200; x_wconf 92' lang='lat' dir='ltr'><strong>Bremi</strong></span> <span class='ocrx_word' id='word_1_30' title='bbox 543 1158 615 1200; x_wconf 84' lang='lat' dir='ltr'><strong>exa.</strong></span> <span class='ocrx_word' id='word_1_31' title='bbox 640 1136 732 1202; x_wconf 88' lang='lat' dir='ltr'>VIII.</span> <span class='ocrx_word' id='word_1_32' title='bbox 757 1135 801 1200; x_wconf 85' lang='lat' dir='ltr'><strong>ad</strong></span> <span class='ocrx_word' id='word_1_33' title='bbox 824 1134 903 1223; x_wconf 88' lang='lat' dir='ltr'><strong>Lys.</strong></span> <span class='ocrx_word' id='word_1_34' title='bbox 932 1141 976 1221; x_wconf 84' lang='lat' dir='ltr'><strong>(p.</strong></span> <span class='ocrx_word' id='word_1_35' title='bbox 1000 1137 1086 1222; x_wconf 74' lang='lat'>445),</span> <span class='ocrx_word' id='word_1_36' title='bbox 1111 1136 1320 1220; x_wconf 75' lang='lat' dir='ltr'><strong>Froh&#39;berger</strong></span> <span class='ocrx_word' id='word_1_37' title='bbox 1336 1135 1379 1200; x_wconf 90' lang='lat' dir='ltr'><strong>ad</strong></span> 
     </span>
     <span class='ocr_line' id='line_1_7' title="bbox 311 1243 1379 1332; baseline -0.001 -24"><span class='ocrx_word' id='word_1_38' title='bbox 311 1243 390 1332; x_wconf 89' lang='lat' dir='ltr'><strong>Lys.</strong></span> <span class='ocrx_word' id='word_1_39' title='bbox 415 1244 493 1328; x_wconf 86' lang='lat' dir='ltr'>XII,</span> <span class='ocrx_word' id='word_1_40' title='bbox 521 1246 573 1328; x_wconf 86' lang='lat'><strong>19,</strong></span> <span class='ocrx_word' id='word_1_41' title='bbox 597 1243 789 1309; x_wconf 88' lang='lat' dir='ltr'><strong>Baeumlein</strong></span> <span class='ocrx_word' id='word_1_42' title='bbox 813 1243 928 1311; x_wconf 91' lang='lat' dir='ltr'><strong>Philol.</strong></span> <span class='ocrx_word' id='word_1_43' title='bbox 954 1245 1050 1309; x_wconf 88' lang='lat' dir='ltr'>XIX.</span> <span class='ocrx_word' id='word_1_44' title='bbox 1075 1267 1107 1329; x_wconf 93' lang='lat' dir='ltr'><strong>p.</strong></span> <span class='ocrx_word' id='word_1_45' title='bbox 1133 1244 1198 1309; x_wconf 81' lang='lat'><strong>283</strong></span> <span class='ocrx_word' id='word_1_46' title='bbox 1222 1267 1269 1330; x_wconf 89' lang='lat' dir='ltr'><strong>sq.</strong></span> <span class='ocrx_word' id='word_1_47' title='bbox 1294 1244 1379 1308; x_wconf 85' lang='lat' dir='ltr'><strong>inter</strong></span> 
     </span>
     <span class='ocr_line' id='line_1_8' title="bbox 314 1350 1379 1438; baseline -0.002 -22"><span class='ocrx_word' id='word_1_48' title='bbox 314 1373 395 1438; x_wconf 90' lang='lat' dir='ltr'><strong>quos</strong></span> <span class='ocrx_word' id='word_1_49' title='bbox 419 1351 597 1416; x_wconf 81' lang='lat' dir='ltr'><strong>infinitivus</strong></span> <span class='ocrx_word' id='word_1_50' title='bbox 623 1351 719 1438; x_wconf 85' lang='lat' dir='ltr'><strong>quale</strong></span> <span class='ocrx_word' id='word_1_51' title='bbox 742 1350 925 1416; x_wconf 83' lang='lat' dir='ltr'>intercedat</span> <span class='ocrx_word' id='word_1_52' title='bbox 949 1351 1136 1438; x_wconf 84' lang='lat' dir='ltr'><strong>discrimen,</strong></span> <span class='ocrx_word' id='word_1_53' title='bbox 1154 1351 1307 1416; x_wconf 89' lang='lat' dir='ltr'><strong>subtilius</strong></span> <span class='ocrx_word' id='word_1_54' title='bbox 1325 1374 1379 1415; x_wconf 89' lang='lat' dir='ltr'><strong>ex-</strong></span> 
     </span>
     <span class='ocr_line' id='line_1_9' title="bbox 310 1457 1379 1546; baseline -0.002 -24"><span class='ocrx_word' id='word_1_55' title='bbox 310 1466 438 1544; x_wconf 87' lang='lat' dir='ltr'><strong>ponunt·</strong></span> <span class='ocrx_word' id='word_1_56' title='bbox 459 1457 657 1546; x_wconf 77' lang='lat' dir='ltr'><strong>Bernhardy</strong></span> <span class='ocrx_word' id='word_1_57' title='bbox 692 1463 734 1542; x_wconf 91' lang='lat' dir='ltr'><strong>(p.</strong></span> <span class='ocrx_word' id='word_1_58' title='bbox 767 1458 841 1543; x_wconf 85' lang='lat'>383)</span> <span class='ocrx_word' id='word_1_59' title='bbox 876 1468 908 1522; x_wconf 89' lang='lat' dir='ltr'><strong>et</strong></span> <span class='ocrx_word' id='word_1_60' title='bbox 932 1457 1089 1523; x_wconf 83' lang='lat' dir='ltr'><strong>Matthiae</strong></span> <span class='ocrx_word' id='word_1_61' title='bbox 1114 1463 1153 1545; x_wconf 84' lang='lat' dir='ltr'><strong>(p.</strong></span> <span class='ocrx_word' id='word_1_62' title='bbox 1179 1459 1271 1545; x_wconf 81' lang='lat'>950):</span> <span class='ocrx_word' id='word_1_63' title='bbox 1297 1457 1379 1522; x_wconf 88' lang='lat' dir='ltr'><strong>aori·</strong></span> 
     </span>
     <span class='ocr_line' id='line_1_10' title="bbox 311 1551 1380 1651; baseline -0.002 -21"><span class='ocrx_word' id='word_1_64' title='bbox 311 1575 397 1630; x_wconf 89' lang='lat' dir='ltr'><strong>stum</strong></span> <span class='ocrx_word' id='word_1_65' title='bbox 428 1566 597 1650; x_wconf 88' lang='lat' dir='ltr'><strong>praeferre</strong></span> <span class='ocrx_word' id='word_1_66' title='bbox 628 1565 732 1630; x_wconf 84' lang='lat' dir='ltr'>solent</span> <span class='ocrx_word' id='word_1_67' title='bbox 762 1566 947 1651; x_wconf 81' lang='lat' dir='ltr'><strong>scriptores,</strong></span> <span class='ocrx_word' id='word_1_68' title='bbox 983 1564 1040 1630; x_wconf 89' lang='lat' dir='ltr'><strong>nbi</strong></span> <span class='ocrx_word' id='word_1_69' title='bbox 1063 1587 1128 1629; x_wconf 90' lang='lat' dir='ltr'><strong>non</strong></span> <span class='ocrx_word' id='word_1_70' title='bbox 1163 1575 1230 1630; x_wconf 89' lang='lat' dir='ltr'><strong>tam</strong></span> <span class='ocrx_word' id='word_1_71' title='bbox 1253 1551 1380 1650; x_wconf 87' lang='lat' dir='ltr'><strong>tempus</strong></span> 
     </span>
     <span class='ocr_line' id='line_1_11' title="bbox 310 1667 1378 1759; baseline -0.002 -23"><span class='ocrx_word' id='word_1_72' title='bbox 310 1694 409 1759; x_wconf 90' lang='lat' dir='ltr'><strong>quam</strong></span> <span class='ocrx_word' id='word_1_73' title='bbox 433 1671 537 1756; x_wconf 91' lang='lat' dir='ltr'><strong>ipsam</strong></span> <span class='ocrx_word' id='word_1_74' title='bbox 562 1673 724 1737; x_wconf 79' lang='lat' dir='ltr'><strong>actionem</strong></span> <span class='ocrx_word' id='word_1_75' title='bbox 748 1694 896 1758; x_wconf 85' lang='lat' dir='ltr'><strong>premere</strong></span> <span class='ocrx_word' id='word_1_76' title='bbox 912 1672 1053 1737; x_wconf 80' lang='lat' dir='ltr'><strong>student.</strong></span> <span class='ocrx_word' id='word_1_77' title='bbox 1080 1695 1163 1759; x_wconf 86' lang='lat' dir='ltr'><strong>quae</strong></span> <span class='ocrx_word' id='word_1_78' title='bbox 1180 1667 1262 1735; x_wconf 80' lang='lat' dir='ltr'><strong>iatio</strong></span> <span class='ocrx_word' id='word_1_79' title='bbox 1286 1693 1378 1754; x_wconf 87' lang='lat' dir='ltr'><strong>egre·</strong></span> 
     </span>
     <span class='ocr_line' id='line_1_12' title="bbox 310 1778 1378 1867; baseline -0.001 -25"><span class='ocrx_word' id='word_1_80' title='bbox 310 1779 364 1864; x_wconf 88' lang='lat' dir='ltr'><strong>gie</strong></span> <span class='ocrx_word' id='word_1_81' title='bbox 397 1778 486 1843; x_wconf 86' lang='lat' dir='ltr'><strong>eadit</strong></span> <span class='ocrx_word' id='word_1_82' title='bbox 517 1779 550 1843; x_wconf 90' lang='lat' dir='ltr'><strong>in</strong></span> <span class='ocrx_word' id='word_1_83' title='bbox 579 1785 598 1862; x_wconf 67' lang='grc' dir='ltr'>ξ</span> <span class='ocrx_word' id='word_1_84' title='bbox 623 1780 667 1844; x_wconf 87' lang='grc'><strong>60</strong></span> <span class='ocrx_word' id='word_1_85' title='bbox 697 1780 866 1867; x_wconf 77' lang='grc' dir='ltr'><em>ιλνιλρώπιρ</em></span> <span class='ocrx_word' id='word_1_86' title='bbox 896 1780 992 1853; x_wconf 79' lang='grc' dir='ltr'><em>ζῶντι</em></span> <span class='ocrx_word' id='word_1_87' title='bbox 1021 1783 1080 1867; x_wconf 84' lang='grc' dir='ltr'><strong>ρὲν</strong></span> <span class='ocrx_word' id='word_1_88' title='bbox 1105 1781 1189 1851; x_wconf 80' lang='grc' dir='ltr'><em>ἐλπὶς</em></span> <span class='ocrx_word' id='word_1_89' title='bbox 1214 1781 1318 1863; x_wconf 76' lang='grc' dir='ltr'><em>(ἐστιν)</em></span> <span class='ocrx_word' id='word_1_90' title='bbox 1344 1781 1378 1842; x_wconf 79' lang='grc' dir='ltr'><strong>ἐκ</strong></span> 
     </span>
     <span class='ocr_line' id='line_1_13' title="bbox 309 1888 1377 1976; baseline -0.002 -24"><span class='ocrx_word' id='word_1_91' title='bbox 309 1891 365 1952; x_wconf 81' lang='grc' dir='ltr'><strong>τοῦ</strong></span> <span class='ocrx_word' id='word_1_92' title='bbox 390 1893 492 1958; x_wconf 82' lang='grc' dir='ltr'><em>κακῶς</em></span> <span class='ocrx_word' id='word_1_93' title='bbox 521 1891 637 1974; x_wconf 79' lang='grc' dir='ltr'><em>πρᾶξαι</em></span> <span class='ocrx_word' id='word_1_94' title='bbox 669 1893 928 1974; x_wconf 82' lang='grc' dir='ltr'><em>μεταπεσεῖν,</em></span> <span class='ocrx_word' id='word_1_95' title='bbox 962 1888 1189 1976; x_wconf 76' lang='grc' dir='ltr'><em>τελευτήσαντι</em></span> <span class='ocrx_word' id='word_1_96' title='bbox 1216 1889 1252 1952; x_wconf 83' lang='grc' dir='ltr'><strong>δὲ</strong></span> <span class='ocrx_word' id='word_1_97' title='bbox 1275 1889 1377 1951; x_wconf 83' lang='grc' dir='ltr'><em>πάντα</em></span> 
     </span>
     <span class='ocr_line' id='line_1_14' title="bbox 307 1993 1375 2080; baseline -0.004 -21"><span class='ocrx_word' id='word_1_98' title='bbox 307 1999 552 2080; x_wconf 75' lang='grc' dir='ltr'><em>συναναιρεῖται,</em></span> <span class='ocrx_word' id='word_1_99' title='bbox 578 2016 640 2079; x_wconf 88' lang='lat' dir='ltr'><strong>quo</strong></span> <span class='ocrx_word' id='word_1_100' title='bbox 665 1993 735 2057; x_wconf 86' lang='lat' dir='ltr'><strong>loeo</strong></span> <span class='ocrx_word' id='word_1_101' title='bbox 759 1993 821 2057; x_wconf 85' lang='lat' dir='ltr'><strong>hoe</strong></span> <span class='ocrx_word' id='word_1_102' title='bbox 845 1993 1021 2078; x_wconf 89' lang='lat' dir='ltr'><strong>premitur:</strong></span> <span class='ocrx_word' id='word_1_103' title='bbox 1047 1993 1209 2058; x_wconf 91' lang='lat' dir='ltr'><strong>hominem</strong></span> <span class='ocrx_word' id='word_1_104' title='bbox 1235 1994 1375 2078; x_wconf 91' lang='lat' dir='ltr'><strong>omnino,</strong></span> 
     </span>
     <span class='ocr_line' id='line_1_15' title="bbox 307 2099 1377 2187; baseline -0.003 -21"><span class='ocrx_word' id='word_1_105' title='bbox 307 2099 414 2187; x_wconf 90' lang='lat' dir='ltr'><strong>quoad</strong></span> <span class='ocrx_word' id='word_1_106' title='bbox 449 2099 550 2182; x_wconf 89' lang='lat' dir='ltr'><strong>vivat,</strong></span> <span class='ocrx_word' id='word_1_107' title='bbox 586 2099 761 2186; x_wconf 88' lang='lat' dir='ltr'><strong>aliquando</strong></span> <span class='ocrx_word' id='word_1_108' title='bbox 790 2099 924 2166; x_wconf 85' lang='lat' dir='ltr'><strong>liberari</strong></span> <span class='ocrx_word' id='word_1_109' title='bbox 955 2121 1051 2184; x_wconf 89' lang='lat' dir='ltr'><strong>posse</strong></span> <span class='ocrx_word' id='word_1_110' title='bbox 1085 2100 1180 2180; x_wconf 83' lang='lat' dir='ltr'><strong>male,</strong></span> <span class='ocrx_word' id='word_1_111' title='bbox 1215 2108 1377 2164; x_wconf 90' lang='lat' dir='ltr'><strong>mortuum</strong></span> 
     </span>
    </p>
   </div>
   <div class='ocr_carea' id='block_1_4' title="bbox 305 2206 1375 2831">
    <p class='ocr_par' dir='ltr' id='par_1_4' title="bbox 306 2206 1374 2398">
     <span class='ocr_line' id='line_1_16' title="bbox 306 2206 1374 2293; baseline 0 -23"><span class='ocrx_word' id='word_1_112' title='bbox 306 2229 381 2270; x_wconf 91' lang='lat' dir='ltr'><strong>non.</strong></span> <span class='ocrx_word' id='word_1_113' title='bbox 428 2206 470 2270; x_wconf 84' lang='lat' dir='ltr'><strong>ef.</strong></span> <span class='ocrx_word' id='word_1_114' title='bbox 501 2206 580 2293; x_wconf 88' lang='lat' dir='ltr'><strong>Lys.</strong></span> <span class='ocrx_word' id='word_1_115' title='bbox 611 2206 703 2292; x_wconf 86' lang='lat' dir='ltr'>XIX,</span> <span class='ocrx_word' id='word_1_116' title='bbox 734 2206 763 2271; x_wconf 95' lang='lat'><strong>8.</strong></span> <span class='ocrx_word' id='word_1_117' title='bbox 817 2207 917 2270; x_wconf 87' lang='lat' dir='ltr'><strong>Isoer.</strong></span> <span class='ocrx_word' id='word_1_118' title='bbox 951 2206 1009 2289; x_wconf 92' lang='lat' dir='ltr'><strong>IV,</strong></span> <span class='ocrx_word' id='word_1_119' title='bbox 1038 2207 1109 2271; x_wconf 83' lang='lat'>141.</span> <span class='ocrx_word' id='word_1_120' title='bbox 1158 2206 1322 2276; x_wconf 82' lang='lat' dir='ltr'><strong>Demosth.</strong></span> <span class='ocrx_word' id='word_1_121' title='bbox 1348 2206 1374 2290; x_wconf 96' lang='lat' dir='ltr'><strong>I,</strong></span> 
     </span>
     <span class='ocr_line' id='line_1_17' title="bbox 313 2313 892 2398; baseline 0 -20"><span class='ocrx_word' id='word_1_122' title='bbox 313 2315 359 2378; x_wconf 82' lang='lat'><strong>12.</strong></span> <span class='ocrx_word' id='word_1_123' title='bbox 384 2313 444 2396; x_wconf 93' lang='lat' dir='ltr'><strong>IV,</strong></span> <span class='ocrx_word' id='word_1_124' title='bbox 469 2314 499 2377; x_wconf 79' lang='lat'><strong>2.</strong></span> <span class='ocrx_word' id='word_1_125' title='bbox 524 2313 580 2394; x_wconf 89' lang='lat' dir='ltr'>IX,</span> <span class='ocrx_word' id='word_1_126' title='bbox 607 2315 637 2382; x_wconf 70' lang='grc' dir='ltr'><strong>τ’),</strong></span> <span class='ocrx_word' id='word_1_127' title='bbox 662 2313 793 2398; x_wconf 86' lang='lat' dir='ltr'>XXIII,</span> <span class='ocrx_word' id='word_1_128' title='bbox 821 2315 892 2379; x_wconf 77' lang='lat'>106.</span> 
     </span>
    </p>

    <p class='ocr_par' dir='ltr' id='par_1_5' title="bbox 305 2419 1375 2831">
     <span class='ocr_line' id='line_1_18' title="bbox 394 2419 1373 2507; baseline -0.002 -22"><span class='ocrx_word' id='word_1_129' title='bbox 394 2419 634 2505; x_wconf 83' lang='lat' dir='ltr'><strong>Saepenumero</strong></span> <span class='ocrx_word' id='word_1_130' title='bbox 660 2421 815 2486; x_wconf 86' lang='lat' dir='ltr'><strong>aoristum</strong></span> <span class='ocrx_word' id='word_1_131' title='bbox 846 2420 934 2507; x_wconf 89' lang='lat' dir='ltr'><strong>poni,</strong></span> <span class='ocrx_word' id='word_1_132' title='bbox 966 2419 1020 2484; x_wconf 93' lang='lat' dir='ltr'><strong>ubi</strong></span> <span class='ocrx_word' id='word_1_133' title='bbox 1047 2443 1105 2486; x_wconf 88' lang='lat' dir='ltr'><strong>nos</strong></span> <span class='ocrx_word' id='word_1_134' title='bbox 1129 2421 1373 2507; x_wconf 85' lang='lat' dir='ltr'><strong>plusquamper-</strong></span> 
     </span>
     <span class='ocr_line' id='line_1_19' title="bbox 305 2525 1375 2614; baseline -0.001 -24"><span class='ocrx_word' id='word_1_135' title='bbox 305 2526 390 2591; x_wconf 79' lang='lat' dir='ltr'><strong>fecto</strong></span> <span class='ocrx_word' id='word_1_136' title='bbox 415 2525 545 2608; x_wconf 89' lang='lat' dir='ltr'><strong>utimur,</strong></span> <span class='ocrx_word' id='word_1_137' title='bbox 569 2537 682 2592; x_wconf 91' lang='lat' dir='ltr'><strong>notum</strong></span> <span class='ocrx_word' id='word_1_138' title='bbox 706 2536 754 2592; x_wconf 89' lang='lat' dir='ltr'><strong>est</strong></span> <span class='ocrx_word' id='word_1_139' title='bbox 780 2527 828 2614; x_wconf 81' lang='lat' dir='ltr'><strong>(ef.</strong></span> <span class='ocrx_word' id='word_1_140' title='bbox 860 2528 1019 2593; x_wconf 83' lang='lat' dir='ltr'><strong>Matthiae</strong></span> <span class='ocrx_word' id='word_1_141' title='bbox 1052 2528 1158 2612; x_wconf 70' lang='lat'><strong>§497</strong></span> <span class='ocrx_word' id='word_1_142' title='bbox 1185 2529 1273 2612; x_wconf 89' lang='lat' dir='ltr'><strong>adn.)</strong></span> <span class='ocrx_word' id='word_1_143' title='bbox 1298 2527 1375 2590; x_wconf 84' lang='lat' dir='ltr'><strong>huia</strong></span> 
     </span>
     <span class='ocr_line' id='line_1_20' title="bbox 305 2633 1374 2724; baseline 0.001 -27"><span class='ocrx_word' id='word_1_144' title='bbox 305 2634 405 2718; x_wconf 86' lang='lat' dir='ltr'><strong>igitur</strong></span> <span class='ocrx_word' id='word_1_145' title='bbox 428 2634 542 2717; x_wconf 85' lang='lat' dir='ltr'><strong>generi</strong></span> <span class='ocrx_word' id='word_1_146' title='bbox 573 2634 751 2699; x_wconf 89' lang='lat' dir='ltr'><strong>adnumero</strong></span> <span class='ocrx_word' id='word_1_147' title='bbox 784 2641 803 2717; x_wconf 65' lang='grc' dir='ltr'>ξ</span> <span class='ocrx_word' id='word_1_148' title='bbox 835 2636 873 2700; x_wconf 81' lang='grc'><strong>17</strong></span> <span class='ocrx_word' id='word_1_149' title='bbox 907 2633 1014 2724; x_wconf 73' lang='grc' dir='ltr'><em>ᾤχετο</em></span> <span class='ocrx_word' id='word_1_150' title='bbox 1040 2636 1176 2724; x_wconf 67' lang='grc' dir='ltr'><em>φεύγων,</em></span> <span class='ocrx_word' id='word_1_151' title='bbox 1202 2637 1276 2700; x_wconf 80' lang='grc' dir='ltr'><em>οὔτε</em></span> <span class='ocrx_word' id='word_1_152' title='bbox 1302 2635 1374 2706; x_wconf 82' lang='grc' dir='ltr'><em>τοὺς</em></span> 
     </span>
     <span class='ocr_line' id='line_1_21' title="bbox 305 2737 1373 2831; baseline 0 -27"><span class='ocrx_word' id='word_1_153' title='bbox 305 2740 592 2828; x_wconf 76' lang='grc' dir='ltr'><em>λιρένας...ἐλεῶν,</em></span> <span class='ocrx_word' id='word_1_154' title='bbox 619 2745 654 2816; x_wconf 79' lang='grc' dir='ltr'><strong>ἐξ</strong></span> <span class='ocrx_word' id='word_1_155' title='bbox 668 2737 714 2805; x_wconf 80' lang='grc' dir='ltr'><strong>ὦν</strong></span> <span class='ocrx_word' id='word_1_156' title='bbox 737 2743 885 2830; x_wconf 71' lang='grc' dir='ltr'><em>ἀνήγετο,</em></span> <span class='ocrx_word' id='word_1_157' title='bbox 910 2743 985 2807; x_wconf 80' lang='grc' dir='ltr'><em>οὔτε</em></span> <span class='ocrx_word' id='word_1_158' title='bbox 1011 2745 1048 2806; x_wconf 82' lang='grc' dir='ltr'><strong>τὰ</strong></span> <span class='ocrx_word' id='word_1_159' title='bbox 1078 2743 1373 2831; x_wconf 75' lang='grc' dir='ltr'><em>τείχη...αι’σχονό-</em></span> 
     </span>
    </p>
   </div>
   <div class='ocr_carea' id='block_1_5' title="bbox 211 2849 1373 2936">
    <p class='ocr_par' dir='ltr' id='par_1_6' title="bbox 211 2849 1373 2936">
     <span class='ocr_line' id='line_1_22' title="bbox 211 2849 1373 2936; baseline 0.002 -26"><span class='ocrx_word' id='word_1_160' title='bbox 211 2897 213 2904; x_wconf 92' lang='grc'>.</span> <span class='ocrx_word' id='word_1_161' title='bbox 303 2871 407 2935; x_wconf 80' lang='grc' dir='ltr'><em>μενος,</em></span> <span class='ocrx_word' id='word_1_162' title='bbox 432 2850 478 2911; x_wconf 84' lang='grc' dir='ltr'><strong>ὦν</strong></span> <span class='ocrx_word' id='word_1_163' title='bbox 503 2850 562 2935; x_wconf 78' lang='grc' dir='ltr'><strong>τὴν</strong></span> <span class='ocrx_word' id='word_1_164' title='bbox 588 2850 730 2936; x_wconf 74' lang='grc' dir='ltr'><em>φυλακὴν</em></span> <span class='ocrx_word' id='word_1_165' title='bbox 758 2851 881 2936; x_wconf 74' lang='grc' dir='ltr'><em>ἔρημον</em></span> <span class='ocrx_word' id='word_1_166' title='bbox 907 2853 943 2913; x_wconf 81' lang='grc' dir='ltr'><strong>τὸ</strong></span> <span class='ocrx_word' id='word_1_167' title='bbox 961 2850 1033 2915; x_wconf 70' lang='grc' dir='ltr'><strong>καθ’</strong></span> <span class='ocrx_word' id='word_1_168' title='bbox 1057 2850 1155 2914; x_wconf 79' lang='grc' dir='ltr'><em>αὑτὸν</em></span> <span class='ocrx_word' id='word_1_169' title='bbox 1171 2849 1267 2936; x_wconf 80' lang='grc' dir='ltr'><em>μέρος</em></span> <span class='ocrx_word' id='word_1_170' title='bbox 1284 2872 1373 2913; x_wconf 80' lang='grc' dir='ltr'><em>κατ-</em></span> 
     </span>
    </p>
   </div>
   <div class='ocr_carea' id='block_1_6' title="bbox 300 2954 1372 4009">
    <p class='ocr_par' dir='ltr' id='par_1_7' title="bbox 301 2954 1372 3580">
     <span class='ocr_line' id='line_1_23' title="bbox 305 2954 1372 3044; baseline -0.002 -24"><span class='ocrx_word' id='word_1_171' title='bbox 305 2956 454 3034; x_wconf 83' lang='grc' dir='ltr'><em>έλιπεν,</em></span> <span class='ocrx_word' id='word_1_172' title='bbox 479 2954 536 3019; x_wconf 91' lang='lat' dir='ltr'><strong>ubi</strong></span> <span class='ocrx_word' id='word_1_173' title='bbox 560 2955 723 3019; x_wconf 89' lang='lat' dir='ltr'><strong>immerito</strong></span> <span class='ocrx_word' id='word_1_174' title='bbox 748 2955 790 3019; x_wconf 89' lang='lat' dir='ltr'><strong>ad</strong></span> <span class='ocrx_word' id='word_1_175' title='bbox 815 2955 1062 3021; x_wconf 74' lang='lat' dir='ltr'><strong>similitudinem</strong></span> <span class='ocrx_word' id='word_1_176' title='bbox 1090 2956 1271 3042; x_wconf 82' lang='lat' dir='ltr'><strong>imperfecti</strong></span> <span class='ocrx_word' id='word_1_177' title='bbox 1299 2957 1372 3044; x_wconf 74' lang='grc' dir='ltr'><em>ἀνή-</em></span> 
     </span>
     <span class='ocr_line' id='line_1_24' title="bbox 303 3061 1372 3147; baseline -0.001 -21"><span class='ocrx_word' id='word_1_178' title='bbox 303 3087 376 3145; x_wconf 70' lang='grc' dir='ltr'><em>γετο</em></span> <span class='ocrx_word' id='word_1_179' title='bbox 412 3062 613 3147; x_wconf 84' lang='lat' dir='ltr'><strong>scripserunt</strong></span> <span class='ocrx_word' id='word_1_180' title='bbox 641 3061 788 3127; x_wconf 89' lang='lat' dir='ltr'><strong>nonnulli</strong></span> <span class='ocrx_word' id='word_1_181' title='bbox 821 3063 962 3127; x_wconf 86' lang='lat' dir='ltr'><strong>editores</strong></span> <span class='ocrx_word' id='word_1_182' title='bbox 996 3064 1184 3130; x_wconf 78' lang='grc' dir='ltr'><em>κατέλειπεν.</em></span> <span class='ocrx_word' id='word_1_183' title='bbox 1240 3063 1372 3127; x_wconf 90' lang='lat' dir='ltr'><strong>minime</strong></span> 
     </span>
     <span class='ocr_line' id='line_1_25' title="bbox 302 3168 1371 3257; baseline 0.001 -25"><span class='ocrx_word' id='word_1_184' title='bbox 302 3168 387 3233; x_wconf 89' lang='lat' dir='ltr'><strong>enim</strong></span> <span class='ocrx_word' id='word_1_185' title='bbox 412 3179 447 3234; x_wconf 94' lang='lat' dir='ltr'><strong>ut</strong></span> <span class='ocrx_word' id='word_1_186' title='bbox 471 3168 616 3233; x_wconf 84' lang='lat' dir='ltr'><strong>eiusdem</strong></span> <span class='ocrx_word' id='word_1_187' title='bbox 640 3171 794 3257; x_wconf 91' lang='lat' dir='ltr'><strong>temporis</strong></span> <span class='ocrx_word' id='word_1_188' title='bbox 818 3193 870 3234; x_wconf 90' lang='lat' dir='ltr'><strong>res</strong></span> <span class='ocrx_word' id='word_1_189' title='bbox 894 3171 979 3235; x_wconf 88' lang='lat' dir='ltr'><strong>inter</strong></span> <span class='ocrx_word' id='word_1_190' title='bbox 1003 3193 1037 3234; x_wconf 90' lang='lat' dir='ltr'><strong>se</strong></span> <span class='ocrx_word' id='word_1_191' title='bbox 1062 3179 1269 3257; x_wconf 90' lang='lat' dir='ltr'><strong>opponuntur</strong></span> <span class='ocrx_word' id='word_1_192' title='bbox 1298 3171 1371 3234; x_wconf 81' lang='grc' dir='ltr'><em>ιλνοί-</em></span> 
     </span>
     <span class='ocr_line' id='line_1_26' title="bbox 303 3277 1372 3364; baseline -0.003 -22"><span class='ocrx_word' id='word_1_193' title='bbox 303 3280 419 3360; x_wconf 70' lang='grc' dir='ltr'><em>γεσιλαι</em></span> <span class='ocrx_word' id='word_1_194' title='bbox 444 3286 475 3340; x_wconf 89' lang='lat' dir='ltr'><strong>et</strong></span> <span class='ocrx_word' id='word_1_195' title='bbox 500 3278 707 3357; x_wconf 79' lang='grc' dir='ltr'><em>καταλείπειν,</em></span> <span class='ocrx_word' id='word_1_196' title='bbox 733 3277 897 3364; x_wconf 88' lang='lat' dir='ltr'><strong>quoniam,</strong></span> <span class='ocrx_word' id='word_1_197' title='bbox 923 3301 995 3342; x_wconf 88' lang='lat' dir='ltr'><strong>eum</strong></span> <span class='ocrx_word' id='word_1_198' title='bbox 1012 3277 1088 3343; x_wconf 88' lang='lat' dir='ltr'><strong>vela</strong></span> <span class='ocrx_word' id='word_1_199' title='bbox 1103 3278 1138 3342; x_wconf 91' lang='lat' dir='ltr'><strong>in</strong></span> <span class='ocrx_word' id='word_1_200' title='bbox 1162 3277 1262 3343; x_wconf 91' lang='lat' dir='ltr'><strong>altum</strong></span> <span class='ocrx_word' id='word_1_201' title='bbox 1279 3277 1372 3340; x_wconf 86' lang='lat' dir='ltr'><strong>daret</strong></span> 
     </span>
     <span class='ocr_line' id='line_1_27' title="bbox 301 3383 1371 3472; baseline 0.001 -25"><span class='ocrx_word' id='word_1_202' title='bbox 301 3383 477 3448; x_wconf 79' lang='lat' dir='ltr'><strong>Leocrates</strong></span> <span class='ocrx_word' id='word_1_203' title='bbox 493 3407 599 3471; x_wconf 88' lang='lat' dir='ltr'><strong>neque</strong></span> <span class='ocrx_word' id='word_1_204' title='bbox 626 3385 754 3450; x_wconf 87' lang='lat' dir='ltr'><strong>moenia</strong></span> <span class='ocrx_word' id='word_1_205' title='bbox 770 3387 897 3471; x_wconf 90' lang='lat' dir='ltr'><strong>patriae</strong></span> <span class='ocrx_word' id='word_1_206' title='bbox 915 3387 1037 3451; x_wconf 86' lang='lat' dir='ltr'><strong>veritus</strong></span> <span class='ocrx_word' id='word_1_207' title='bbox 1061 3409 1165 3472; x_wconf 87' lang='lat' dir='ltr'><strong>neque</strong></span> <span class='ocrx_word' id='word_1_208' title='bbox 1189 3385 1371 3450; x_wconf 78' lang='lat' dir='ltr'><strong>misericor-</strong></span> 
     </span>
     <span class='ocr_line' id='line_1_28' title="bbox 302 3489 1162 3580; baseline 0.005 -26"><span class='ocrx_word' id='word_1_209' title='bbox 302 3489 357 3554; x_wconf 89' lang='lat' dir='ltr'><strong>dia</strong></span> <span class='ocrx_word' id='word_1_210' title='bbox 383 3500 531 3575; x_wconf 91' lang='lat' dir='ltr'><strong>portunm</strong></span> <span class='ocrx_word' id='word_1_211' title='bbox 557 3499 682 3576; x_wconf 86' lang='lat' dir='ltr'><strong>eaptus,</strong></span> <span class='ocrx_word' id='word_1_212' title='bbox 707 3491 821 3556; x_wconf 90' lang='lat' dir='ltr'><strong>urbem</strong></span> <span class='ocrx_word' id='word_1_213' title='bbox 845 3493 909 3557; x_wconf 90' lang='lat' dir='ltr'><strong>iam</strong></span> <span class='ocrx_word' id='word_1_214' title='bbox 936 3493 1162 3580; x_wconf 89' lang='lat' dir='ltr'><strong>dereliquerat.</strong></span> 
     </span>
    </p>

    <p class='ocr_par' dir='ltr' id='par_1_8' title="bbox 300 3597 1370 4009">
     <span class='ocr_line' id='line_1_29' title="bbox 389 3597 1370 3686; baseline 0.001 -24"><span class='ocrx_word' id='word_1_215' title='bbox 389 3597 462 3662; x_wconf 89' lang='lat' dir='ltr'><strong>Non</strong></span> <span class='ocrx_word' id='word_1_216' title='bbox 486 3599 592 3664; x_wconf 88' lang='lat' dir='ltr'><strong>minus</strong></span> <span class='ocrx_word' id='word_1_217' title='bbox 616 3598 779 3664; x_wconf 87' lang='lat' dir='ltr'><strong>subtiliter</strong></span> <span class='ocrx_word' id='word_1_218' title='bbox 805 3599 1049 3686; x_wconf 85' lang='lat' dir='ltr'><strong>distinguuntur</strong></span> <span class='ocrx_word' id='word_1_219' title='bbox 1066 3600 1267 3685; x_wconf 83' lang='lat' dir='ltr'><strong>singulorum</strong></span> <span class='ocrx_word' id='word_1_220' title='bbox 1291 3608 1370 3663; x_wconf 88' lang='lat' dir='ltr'><strong>tem·</strong></span> 
     </span>
     <span class='ocr_line' id='line_1_30' title="bbox 301 3704 1369 3796; baseline 0.001 -27"><span class='ocrx_word' id='word_1_221' title='bbox 301 3726 415 3792; x_wconf 89' lang='lat' dir='ltr'><strong>porum</strong></span> <span class='ocrx_word' id='word_1_222' title='bbox 439 3704 581 3771; x_wconf 86' lang='lat' dir='ltr'><strong>rationes</strong></span> <span class='ocrx_word' id='word_1_223' title='bbox 606 3712 625 3789; x_wconf 66' lang='grc' dir='ltr'>ξ</span> <span class='ocrx_word' id='word_1_224' title='bbox 649 3705 670 3769; x_wconf 88' lang='grc'>4</span> <span class='ocrx_word' id='word_1_225' title='bbox 695 3713 825 3795; x_wconf 81' lang='grc' dir='ltr'><em>πρῶτον</em></span> <span class='ocrx_word' id='word_1_226' title='bbox 852 3709 869 3796; x_wconf 71' lang='grc' dir='ltr'><strong>ι)</strong></span> <span class='ocrx_word' id='word_1_227' title='bbox 895 3715 960 3772; x_wconf 81' lang='grc' dir='ltr'><strong>τῶν</strong></span> <span class='ocrx_word' id='word_1_228' title='bbox 977 3711 1085 3795; x_wconf 79' lang='grc' dir='ltr'><em>νόριον</em></span> <span class='ocrx_word' id='word_1_229' title='bbox 1106 3709 1201 3786; x_wconf 80' lang='grc' dir='ltr'><em>τάξις,</em></span> <span class='ocrx_word' id='word_1_230' title='bbox 1219 3707 1369 3795; x_wconf 76' lang='grc' dir='ltr'><em>δεύτερον</em></span> 
     </span>
     <span class='ocr_line' id='line_1_31' title="bbox 301 3814 1370 3904; baseline 0.001 -27"><span class='ocrx_word' id='word_1_231' title='bbox 301 3814 348 3901; x_wconf 62' lang='lat' dir='ltr'><strong>‹t&#39;rj</strong></span> <span class='ocrx_word' id='word_1_232' title='bbox 374 3819 439 3876; x_wconf 80' lang='grc' dir='ltr'><strong>τῶν</strong></span> <span class='ocrx_word' id='word_1_233' title='bbox 464 3815 622 3878; x_wconf 82' lang='grc' dir='ltr'><em>δικαστῶν</em></span> <span class='ocrx_word' id='word_1_234' title='bbox 653 3819 773 3902; x_wconf 63' lang='grc' dir='ltr'><em>ψῆφος,</em></span> <span class='ocrx_word' id='word_1_235' title='bbox 798 3816 907 3902; x_wconf 77' lang='grc' dir='ltr'><em>τρίτον</em></span> <span class='ocrx_word' id='word_1_236' title='bbox 940 3816 988 3904; x_wconf 68' lang='lat' dir='ltr'><strong>d&#39;rj</strong></span> <span class='ocrx_word' id='word_1_237' title='bbox 1021 3815 1147 3887; x_wconf 82' lang='grc' dir='ltr'><em>τούτοις</em></span> <span class='ocrx_word' id='word_1_238' title='bbox 1172 3816 1370 3904; x_wconf 43' lang='grc' dir='ltr'><em>τιλδικήιιιατα</em></span> 
     </span>
     <span class='ocr_line' id='line_1_32' title="bbox 300 3917 1369 4009; baseline 0.001 -26"><span class='ocrx_word' id='word_1_239' title='bbox 300 3921 534 4007; x_wconf 77' lang='grc' dir='ltr'><em>παραδοῦσα</em></span> <span class='ocrx_word' id='word_1_240' title='bbox 558 3922 668 4008; x_wconf 80' lang='grc' dir='ltr'><em>κρίσις,</em></span> <span class='ocrx_word' id='word_1_241' title='bbox 692 3921 750 3985; x_wconf 93' lang='lat' dir='ltr'><strong>ubi</strong></span> <span class='ocrx_word' id='word_1_242' title='bbox 774 3921 909 4001; x_wconf 89' lang='lat' dir='ltr'><strong>Bekker</strong></span> <span class='ocrx_word' id='word_1_243' title='bbox 934 3922 1025 3987; x_wconf 88' lang='lat' dir='ltr'><strong>iubet</strong></span> <span class='ocrx_word' id='word_1_244' title='bbox 1048 3921 1148 3988; x_wconf 86' lang='lat' dir='ltr'><strong>scribi</strong></span> <span class='ocrx_word' id='word_1_245' title='bbox 1178 3917 1369 4009; x_wconf 74' lang='grc' dir='ltr'><em>παραδιδοῦ-</em></span> 
     </span>
    </p>
   </div>
   <div class='ocr_carea' id='block_1_7' title="bbox 298 4171 1367 4423">
    <p class='ocr_par' dir='ltr' id='par_1_9' title="bbox 298 4171 1367 4423">
     <span class='ocr_line' id='line_1_33' title="bbox 389 4171 1367 4244; baseline 0.002 -20"><span class='ocrx_word' id='word_1_246' title='bbox 389 4171 409 4238; x_wconf 89' lang='lat'><strong>¹)</strong></span> <span class='ocrx_word' id='word_1_247' title='bbox 429 4171 575 4242; x_wconf 86' lang='lat' dir='ltr'><strong>pertinent</strong></span> <span class='ocrx_word' id='word_1_248' title='bbox 594 4172 649 4226; x_wconf 84' lang='lat' dir='ltr'><strong>huc</strong></span> <span class='ocrx_word' id='word_1_249' title='bbox 669 4173 756 4227; x_wconf 90' lang='lat' dir='ltr'><strong>etiam</strong></span> <span class='ocrx_word' id='word_1_250' title='bbox 775 4175 866 4228; x_wconf 87' lang='lat' dir='ltr'><strong>verba</strong></span> <span class='ocrx_word' id='word_1_251' title='bbox 885 4177 978 4227; x_wconf 73' lang='grc' dir='ltr'><em>οἴεθαι</em></span> <span class='ocrx_word' id='word_1_252' title='bbox 1007 4173 1138 4244; x_wconf 85' lang='lat' dir='ltr'><strong>(Antiph.</strong></span> <span class='ocrx_word' id='word_1_253' title='bbox 1167 4172 1200 4240; x_wconf 92' lang='lat' dir='ltr'><strong>V,</strong></span> <span class='ocrx_word' id='word_1_254' title='bbox 1220 4173 1262 4225; x_wconf 89' lang='lat'><strong>85.</strong></span> <span class='ocrx_word' id='word_1_255' title='bbox 1299 4171 1367 4242; x_wconf 87' lang='lat' dir='ltr'><strong>Lys.</strong></span> 
     </span>
     <span class='ocr_line' id='line_1_34' title="bbox 298 4257 1367 4333; baseline -0.001 -20"><span class='ocrx_word' id='word_1_256' title='bbox 298 4259 363 4328; x_wconf 88' lang='lat' dir='ltr'>XII,</span> <span class='ocrx_word' id='word_1_257' title='bbox 378 4259 419 4314; x_wconf 84' lang='lat'><strong>19.</strong></span> <span class='ocrx_word' id='word_1_258' title='bbox 447 4257 530 4328; x_wconf 89' lang='lat' dir='ltr'>XIII,</span> <span class='ocrx_word' id='word_1_259' title='bbox 549 4261 593 4315; x_wconf 78' lang='lat'><strong>53.</strong></span> <span class='ocrx_word' id='word_1_260' title='bbox 639 4261 726 4317; x_wconf 83' lang='lat' dir='ltr'><strong>Isoer.</strong></span> <span class='ocrx_word' id='word_1_261' title='bbox 747 4263 826 4330; x_wconf 87' lang='lat' dir='ltr'>VIII,</span> <span class='ocrx_word' id='word_1_262' title='bbox 847 4264 888 4316; x_wconf 82' lang='lat'><strong>29.</strong></span> <span class='ocrx_word' id='word_1_263' title='bbox 931 4263 1080 4316; x_wconf 86' lang='lat' dir='ltr'><strong>Demosth.</strong></span> <span class='ocrx_word' id='word_1_264' title='bbox 1100 4262 1148 4329; x_wconf 90' lang='lat' dir='ltr'><strong>IL,</strong></span> <span class='ocrx_word' id='word_1_265' title='bbox 1168 4261 1205 4330; x_wconf 79' lang='lat'><strong>3),</strong></span> <span class='ocrx_word' id='word_1_266' title='bbox 1233 4259 1367 4333; x_wconf 70' lang='grc' dir='ltr'><em>ἡγεῖσθαι</em></span> 
     </span>
     <span class='ocr_line' id='line_1_35' title="bbox 300 4347 1339 4423; baseline 0 -21"><span class='ocrx_word' id='word_1_267' title='bbox 300 4347 378 4419; x_wconf 83' lang='lat' dir='ltr'><strong>(Lys.</strong></span> <span class='ocrx_word' id='word_1_268' title='bbox 397 4348 505 4418; x_wconf 87' lang='lat' dir='ltr'>XXVI,</span> <span class='ocrx_word' id='word_1_269' title='bbox 527 4352 561 4419; x_wconf 87' lang='grc'><strong>1),</strong></span> <span class='ocrx_word' id='word_1_270' title='bbox 581 4357 706 4422; x_wconf 81' lang='grc' dir='ltr'><em>νομιζειν</em></span> <span class='ocrx_word' id='word_1_271' title='bbox 727 4353 888 4423; x_wconf 87' lang='lat' dir='ltr'><strong>similiaque</strong></span> <span class='ocrx_word' id='word_1_272' title='bbox 908 4353 1026 4407; x_wconf 88' lang='lat' dir='ltr'><strong>notione</strong></span> <span class='ocrx_word' id='word_1_273' title='bbox 1045 4351 1178 4422; x_wconf 87' lang='lat' dir='ltr'><strong>sperandi</strong></span> <span class='ocrx_word' id='word_1_274' title='bbox 1200 4350 1339 4404; x_wconf 89' lang='lat' dir='ltr'><strong>adhibita.</strong></span> 
     </span>
    </p>
   </div>
   <div class='ocr_carea' id='block_1_8' title="bbox 0 0 1564 4930">
    <p class='ocr_par' dir='ltr' id='par_1_10' title="bbox 0 0 1564 4930">
     <span class='ocr_line' id='line_1_36' title="bbox 0 0 1564 4930; baseline 0 5"><span class='ocrx_word' id='word_1_275' title='bbox 0 0 1564 4930; x_wconf 95' lang='lat' dir='ltr'><strong> </strong></span> 
     </span>
    </p>
   </div>
  </div>
 </body>
</html>
