3120 4930
752 502 967 569 ..44-

321 700 568 786 προδιδόντα
594 701 652 784 (pr.
670 698 710 762 A.
736 700 909 786 προδόντα,
934 699 1020 786 quod
1038 700 1149 764 Morus
1165 701 1302 786 recepit)
1328 704 1387 790 τἠν

322 808 422 885 πόλιν,
447 816 479 870 et
503 812 522 889 ξ
550 806 611 870 113
635 806 721 878 ὅπως
744 808 783 869 ἄν
806 810 850 894 μὴ
876 809 985 896 κέηται
1016 810 1048 871 ἐν
1067 813 1106 896 τῇ
1131 809 1225 897 χώρᾳ
1248 811 1332 898 μηδὲ
1350 812 1388 874 τό

322 915 404 979 ὀστᾶ
439 916 495 976 τοῦ
522 915 828 1001 ..προδιδόντος
865 918 924 1000 (pr.
961 914 993 979 A
1028 916 1216 1004 προδόντος)
1257 916 1389 980 fuerunt

323 1021 378 1108 qui
412 1029 566 1106 putarent
599 1019 810 1106 participium
825 1056 830 1066 ·
845 1021 938 1086 verbi
977 1023 1164 1110 προδιδόναι
1203 1022 1236 1086 in
1277 1044 1389 1088 eorum

323 1151 456 1194 numero
480 1128 666 1192 habendum
690 1129 770 1214 esse,
795 1150 877 1214 quae
901 1137 1062 1213 conatum,
1086 1129 1251 1214 inceptum
1267 1129 1389 1214 signifi-

295 1300 297 1305 .
324 1245 426 1306 cant·
446 1236 496 1322 (cf.
521 1235 637 1300 Blume
673 1234 714 1300 ad
748 1237 857 1318 §112
882 1239 924 1322 [p.
952 1237 1014 1304 136
1039 1235 1124 1321 cdl).
1160 1258 1244 1323 quae
1279 1245 1390 1302 tamen

324 1343 499 1429 explicatio
535 1341 577 1408 ab
609 1343 724 1406 horum
758 1341 904 1408 locorum
928 1343 1054 1408 ratione
1078 1342 1175 1430 plane
1199 1343 1307 1408 aliena
1331 1351 1390 1429 est,

325 1475 398 1516 cum
423 1451 464 1515 de
487 1449 675 1538 Phrynicho
699 1450 766 1516 iam
790 1459 917 1515 mortno
948 1460 1075 1536 agatur.
1122 1451 1225 1516 Immo
1255 1459 1391 1535 urgetur

325 1558 547 1647 Phrynichum
570 1580 635 1623 non
669 1557 886 1644 proditionem
916 1579 1060 1643 parasse,
1092 1559 1150 1623 sed
1180 1581 1258 1622 vere
1282 1557 1391 1644 prodi·

325 1668 411 1732 disse
435 1664 550 1730 urbem
574 1688 613 1729 ao
629 1665 767 1752 proinde
783 1665 983 1751 proditorem
1008 1687 1098 1746 esse3
1123 1665 1242 1730 etenim
1259 1665 1391 1729 demon-

326 1782 429 1838 strare
462 1772 532 1836 vult
568 1781 687 1857 orator,
722 1774 765 1844 ὡς
789 1774 965 1862 ὠργίζοντο
999 1789 1054 1858 μα.
1079 1773 1111 1834 οἱ
1133 1774 1301 1859 πρόγονοι)
1328 1778 1392 1843 τοῖς

327 1883 498 1968 προδόταις
524 1883 556 1963 (ξ
584 1881 676 1963 111);
712 1879 813 1964 igitur
835 1881 1040 1967 προδιδόντα
1063 1877 1094 1943 h.
1120 1877 1139 1942 l.
1171 1876 1258 1942 idem
1282 1887 1330 1942 est
1353 1900 1393 1942 ao

327 1989 491 2076 προδότην
515 1987 609 2052 ὄντας
634 1985 768 2050 ‘invenit
791 1985 884 2071 plebs
900 1985 1102 2072 proditorem
1126 2007 1195 2050 esse
1211 1984 1393 2072 Phrynich-

326 2097 391 2159 um’
424 2099 473 2179 (ac
505 2092 618 2158 similis
651 2102 700 2156 est
732 2091 880 2158 condicio
917 2098 936 2176 ξ
969 2093 1052 2176 113).
1089 2115 1151 2178 qua
1185 2091 1225 2155 de
1260 2113 1394 2156 consue-

327 2201 441 2266 tudine
475 2211 506 2266 et
537 2202 736 2266 Graecorum
764 2209 795 2264 et
822 2197 1015 2264 Latinorum
1039 2199 1233 2284 scriptorum
1260 2198 1394 2284 propria

328 2315 479 2374 accurate
514 2307 582 2392 egit
615 2306 768 2374 Kuehner
803 2307 921 2390 5382,
947 2307 967 2371 3
1003 2315 1035 2370 et
1070 2307 1100 2370 4.
1137 2346 1181 2354 -
1215 2304 1303 2368 idem
1325 2304 1394 2368 fere

248 2481 251 2488 ,
328 2415 541 2482 iudicandum
573 2424 621 2480 est
656 2415 696 2479 de
731 2416 750 2502 ᾖ
778 2416 818 2480 19
851 2417 888 2479 δν
912 2418 961 2480 καέ
987 2416 1075 2480 όαῶν
1100 2415 1205 2480 ἴσασιν
1230 2415 1261 2476 οἵ
1284 2414 1394 2478 πολλοὶ

329 2527 639 2612 κατηγοροῦνται
664 2523 780 2588 τούτου
806 2526 838 2586 ἒν
863 2527 911 2609 τῷ
943 2513 1049 2611 δη’μιρ,’Ι
1077 2527 1097 2604 ξ
1133 2521 1194 2584 116
1228 2521 1270 2592 ὡς
1300 2521 1394 2586 οὐδὲν

329 2633 543 2698 ἀδικοῦντα
566 2632 707 2719 cippos-a
741 2629 793 2713 (of.
817 2628 1017 2714 Trentepohl
1051 2627 1071 2693 l.
1096 2627 1116 2694 l.
1142 2652 1173 2714 p.
1199 2627 1264 2714 58),
1297 2637 1396 2714 atque

330 2740 371 2805 dc
394 2739 575 2825 participiis
603 2738 759 2823 passivis:
799 2737 885 2820 §30
926 2743 1002 2800 τῶν
1039 2724 1245 2823 ’λεγομέονν
1285 2739 1323 2798 ἄν
1367 2759 1395 2799 τι

331 2849 534 2937 ηρνήδηοαν,
568 2852 587 2930 ξ
623 2845 666 2909 53
700 2846 717 2908 ό
750 2847 851 2932 δῆμος
883 2845 987 2908 δεινόν
1026 2843 1225 2933 ἡγησάμενος
1250 2843 1328 2906 εἶναι
1353 2843 1395 2905 τὸ

331 2957 570 3041 γιγνόμενον
604 2952 700 3038 (idem
724 2953 792 3016 fere
816 2975 855 3016 ao
880 2954 916 3016 τό
941 2957 1081 3040 πρᾶγμα)
1114 2951 1297 3039 ἐψηφίσατο
1329 2953 1395 3013 κτλ.

331 3069 350 3146 ξ
376 3062 440 3128 150
462 3062 723 3150 ἀναμνησθέντες
747 3067 824 3124 τῶν
848 3057 1224 3148 κατηγορουμένων.
1264 3055 1397 3120 minime

330 3171 430 3253 igitur
454 3191 535 3255 opus
560 3178 608 3233 est
632 3167 820 3232 coniectura
843 3166 1000 3243 Bekkeri,
1025 3166 1080 3252 qui
1104 3172 1123 3248 ξ
1148 3165 1190 3229 36
1215 3165 1397 3251 γενομένων

332 3299 390 3364 pro
415 3276 594 3363 λεγομένοιν
627 3275 727 3340 scribi
758 3274 827 3338 vult
860 3279 1067 3360 (quamquam
1091 3271 1171 3336 nihil
1195 3271 1397 3357 frequentius

333 3407 403 3449 esse
427 3383 570 3448 concedo
595 3382 731 3471 syllabis
756 3387 809 3464 λεγ
826 3422 869 3429 υ-
887 3391 918 3445 et
942 3406 995 3464 γεν
1015 3423 1055 3432 -
1072 3381 1156 3444 inter
1180 3401 1215 3442 se
1232 3377 1397 3462 confusis),

334 3517 372 3558 ac
388 3517 429 3558 ne
446 3491 734 3582 κατηγορουμένων
761 3495 791 3573 (ξ
807 3491 879 3573 150)
905 3487 1037 3574 quidem
1062 3488 1095 3551 in
1119 3486 1398 3575 κατηγορημένων,

335 3601 420 3688 quod
444 3601 478 3664 in
502 3599 573 3664 cod.
600 3599 795 3684 Orippsiano
820 3606 950 3661 exstare
975 3596 1016 3659 de
1039 3595 1126 3660 Boor
1151 3596 1213 3679 (Al)
1249 3592 1401 3656 adfirmat

336 3713 377 3788 (v.
403 3706 583 3774 Thalheim.
609 3707 711 3792 praef.
737 3731 767 3792 p.
793 3705 857 3788 V.)‚
881 3701 1085 3768 mutaverim.
1111 3702 1151 3767 cf.
1170 3701 1293 3766 Andoc.
1318 3700 1344 3783 Ι,
1369 3699 1399 3764 8.

339 3815 470 3900 Antiph.
495 3813 554 3900 IV,
579 3816 607 3897 δ,
632 3814 663 3878 3.
689 3853 729 3862 -
756 3821 900 3877 ceterum
924 3818 1080 3896 quantum
1097 3809 1182 3872 inter
1197 3830 1232 3872 se
1249 3807 1402 3871 differant

336 3944 434 4007 saepe
458 3922 491 3985 in
507 3921 627 3986 talibus
650 3920 852 4005 singulorum
876 3917 1023 3984 codicum
1047 3916 1212 3999 lectiones
1236 3914 1403 3978 Maetzner

336 4029 378 4094 ad
413 4029 491 4094 h.1.
528 4029 559 4116 (ᾗ
597 4029 671 4115 150)
708 4026 867 4112 exemplis
897 4023 1060 4090 nonnullis
1095 4023 1246 4088 illustrat.
1282 4061 1326 4070 —
1359 4021 1401 4084 cf.

336 4137 534 4219 Kuehner§
561 4137 636 4222 382,
660 4137 681 4199 4
705 4141 743 4220 ο).
768 4133 937 4199 Rehdantz
961 4131 1013 4196 ad.
1039 4138 1058 4214 ξ
1083 4132 1126 4196 30
1149 4141 1181 4194 et
1205 4137 1224 4214 ξ
1252 4130 1323 4193 150.

426 4245 457 4328 b)
482 4267 557 4328 pro
581 4244 775 4329 perfecto
806 4241 900 4306 verbi
923 4240 1049 4304 δκοόειν
1074 4237 1214 4323 positum
1238 4245 1286 4300 est
1309 4257 1402 4320 prae-

338 4373 412 4417 sens
433 4351 602 4440 permultis
618 4345 716 4418 locis:
741 4349 821 4437 §29
843 4352 919 4416 Ἀκο
931 4347 1035 4424 berc,
1060 4347 1086 4412 d
1110 4346 1234 4434 ἄνδρες,
1253 4347 1308 4432 τῆς
1326 4367 1403 4420 προ-
