3120 4930
558 486 781 552 ..13-

216 691 235 768 ξ
259 685 299 748 21
326 684 512 772 ἐκτρέφειν.

217 797 259 874 §5
283 791 336 873 35,
362 794 414 873 55,
442 793 492 868 19,
519 789 560 854 88
587 793 767 862 ἐξαπατᾶν.

216 902 257 980 ἐξ
281 897 334 980 25,
359 895 402 960 26
426 899 594 985 ἐξαρκεῖν·

217 1009 237 1087 ξ
261 1003 303 1068 62
328 1002 489 1090 ἐπάρχειν
513 1003 625 1090 (sae'pe
650 1023 701 1087 ap.
725 1003 838 1085 Isoor,
865 1001 953 1066 velut
977 1003 1104 1086 1V‚68,
1125 1003 1198 1085 123,

125 1109 204 1195 141,
231 1109 303 1194 144,
332 1110 403 1173 177.
450 1108 602 1194 Xenoph.
628 1107 750 1196 Cyrop.
778 1108 834 1192 IV,
860 1109 890 1192 6,
915 1109 971 1191 2.).

218 1222 237 1301 ξ
261 1219 300 1282 61
327 1217 582 1282 καταδουλοῦν.

219 1330 260 1406 ἐξ
287 1325 337 1406 19,
362 1325 416 1407 42,
440 1325 494 1408 56,
521 1325 571 1404 ἵ3,
599 1322 649 1406 14,
674 1325 727 1404 91,
747 1322 790 1388 95
815 1330 989 1387 κατοικεῖν

217 1435 237 1514 ᾖ
261 1431 281 1494 2
305 1432 473 1518 παρέχειν
497 1430 732 1518 οογγνώρηνῑ).

218 1543 238 1620 ξ
265 1538 327 1602 139
352 1539 394 1608 είς
419 1540 475 1600 τὸν
500 1537 581 1600 ίθιον
605 1537 693 1599 οἷκον
718 1539 815 1607 αὐτάς
833 1541 889 1620 (so.
910 1539 964 1608 τὰς
988 1541 1197 1625 λειτουργίας)

130 1645 446 1733 περιποιησάμενοι,
476 1650 604 1725 (eontra
628 1643 797 1708 Demostb.
821 1642 917 1728 XIX,
941 1643 981 1708 37
1007 1645 1109 1708 πάντα
1124 1651 1200 1709 απο-

126 1752 305 1839 θεχόρενος
330 1753 379 1814 καί
404 1753 433 1821 ἐς
458 1750 555 1814 αὑτὸν
580 1749 778 1835 ποιούμενος,
804 1749 954 1838 Thucyd.
980 1750 1074 1835 VIII,
1100 1751 1154 1834 48,
1181 1754 1194 1815 1

127 1860 170 1922 τὰ
192 1857 364 1942 πράγματα
388 1859 418 1928 ἐς
442 1855 573 1928 ἑαυτοὺς
597 1845 765 1945 ποιήσειν).

220 1965 252 2048 [ξ
276 1965 319 2026 84
342 1963 446 2027 verba
477 1965 505 2026 εἰ
532 1965 742 2052 ἐπιλήψονται
783 1963 913 2051 Ἀθήνας
946 1986 1104 2048 germana
1132 1985 1201 2028 esse

126 2071 189 2136 vix
213 2070 387 2156 quisquam
412 2069 612 2154 crediderit]

218 2175 272 2240 Ex
295 2175 398 2240 altera
421 2185 516 2260 parte
553 2175 762 2261 simplicia
785 2175 924 2240 verba
947 2198 1015 2260 pro
1040 2198 1201 2260 compo-

128 2282 238 2348 sitis
262 2281 362 2346 multo
387 2282 493 2347 rarius
518 2281 668 2346 adhiberi
692 2305 712 2346 a
736 2283 891 2370 Lycurgo
925 2283 1058 2345 minime
1088 2283 1197 2357 miror,

127 2413 205 2455 cum
229 2389 338 2453 animo
363 2402 478 2475 reputo
503 2412 576 2453 eum
605 2389 647 2454 ad
679 2389 847 2474 exemplar
881 2389 1034 2454 Isocratis
1058 2389 1201 2454 ubertati

127 2498 288 2563 orationis
312 2496 453 2562 studere.
501 2497 602 2561 haece
626 2495 885 2562 tamenrinveni:

219 2609 240 2686 ξ
263 2603 302 2668 91
331 2605 481 2681 ἐλθεῖν,
510 2603 568 2667 ubi
597 2602 703 2688 potius
724 2605 901 2668 ’κατελθεῖν
933 2601 1037 2689 (quod
1062 2601 1202 2686 scripse-

126 2719 208 2776 runt
225 2710 425 2775 Herwerden
449 2719 482 2774 et
505 2733 570 2774 vau
595 2709 656 2775 den
684 2711 740 2792 us)
766 2709 1021 2794 exspectaveris.

221 2817 307 2900 §43
332 2820 464 2880 καλεῖν
498 2838 556 2900 pro
590 2817 756 2882 usitatiore
790 2821 985 2904 παρακαλεῖν
1017 2815 1203 2898 (advocare

129 2925 231 3010 alqm,
255 2933 291 2987 ut
313 2923 471 3007 suscipiat
496 2945 626 2988 causam
651 2945 742 2988 suam
767 2922 1042 3000 defendendam').

222 3035 242 3112 ξ
270 3030 329 3094 127
356 3030 529 3094 κτείνειν
552 3051 611 3113 pro
636 3030 831 3094 ἀποκτείνειν
857 3029 909 3111 (ef.
934 3051 966 3113 p.
994 3030 1036 3111 7).

221 3158 281 3221 pro
315 3137 409 3224 χάριν
442 3137 635 3201 τίθεσθαι
667 3141 700 3218 (ξ
727 3137 806 3220 148)
838 3134 937 3218 vulgo
972 3133 1085 3198 dicunt
1109 3133 1201 3222 χάριν

131 3243 368 3309 κατατίθεσθαι
393 3243 543 3327 (Antiph.
570 3241 609 3326 V,
627 3242 679 3306 61.
704 3241 856 3306 Aeschin.
874 3241 938 3324 ΙΙΙ,
956 3242 1008 3305 42.
1036 3241 1202 3308 Demosth.

134 3350 226 3434 XIX,
251 3351 325 3416 240.
351 3347 442 3433 LIX,
467 3348 519 3413 61.
548 3391 578 3400 -
595 3348 716 3414 Herod.
737 3347 792 3430 VI,
815 3349 868 3413 41.
916 3347 1108 3434 Thucydi,
1134 3347 1202 3428 33).

132 3454 274 3539 simplex
297 3453 435 3520 verbum
451 3463 581 3539 praeter
597 3455 683 3519 huno
700 3454 764 3537 legi
781 3454 869 3539 apud
882 3453 1049 3518 Demosth.
1067 3453 1124 3534 LI,
1153 3455 1202 3536 17,

134 3575 348 3586 ——-,-·--

225 3617 243 3683 ¹)
263 3615 392 3680 fuerunt,
412 3616 460 3685 qui
481 3617 498 3668 h
520 3616 537 3668 l.
557 3622 648 3670 totum
676 3616 854 3669 enuntiatum
881 3613 920 3687 μὴ
941 3613 1116 3686 παρέχοντας
1137 3633 1202 3682 σογ-

133 3706 252 3774 γνώμην
281 3704 335 3758 eici
356 3704 465 3759 vellent
484 3712 622 3776 tanquam
649 3705 778 3759 additum
798 3723 815 3758 a
834 3705 952 3758 librario
971 3705 1068 3758 nescio
1089 3721 1145 3774 quo
1169 3703 1204 3756 ad
1258 3743 1260 3748 -

134 3793 309 3846 declaranda
329 3793 418 3846 verba
437 3791 640 3864 ἀπαραιτήτους
660 3795 800 3846 δικαστάς.
828 3795 877 3847 sed
897 3801 975 3846 recte
992 3793 1120 3862 Pinzger
1141 3792 1203 3846 atii-

136 3897 191 3949 que
217 3879 484 3934 animadverterunt
503 3881 595 3935 fusius
615 3882 757 3952 quoddam
777 3887 807 3934 et
826 3882 968 3952 copiosius
988 3879 1102 3933 dicendi
1115 3895 1204 3949 genus

137 3969 182 4021 hie
200 3968 260 4021 illic
280 3969 357 4038 apud
376 3968 541 4040 Lycurgum
560 3971 644 4024 nobis
671 3986 820 4024 occurrere
848 3972 966 4038 eiusque
987 3969 1040 4022 hoc
1059 3970 1204 4038 proprium

136 4058 236 4111 videri.
274 4057 365 4128 quid?
385 4075 478 4111 nonne
499 4060 599 4128 optimi
620 4076 734 4128 quoque
748 4059 902 4129 scriptores
917 4055 1094 4126 amplificare
1108 4058 1201 4110 solent

137 4145 308 4198 sententiam
328 4151 358 4198 et
377 4145 521 4199 illustrare
547 4147 704 4216 negatione
731 4145 890 4216 opposita?
919 4174 952 4182 —
979 4145 1079 4196 eadem
1098 4145 1201 4197 ductos

138 4233 248 4286 ratione
268 4233 459 4303 patrocinium
479 4234 632 4302 suscipiam
658 4234 783 4288 traditae
804 4233 934 4288 iectionis
954 4234 968 4300 ξ
985 4233 1035 4284 134
1053 4235 1200 4302 μέλλοντες

140 4319 254 4388 άθικεῖν,
273 4319 341 4374 ’όταν
353 4321 394 4394 μὴ
405 4324 555 4391 ληφθῶσιν
574 4322 719 4390 (nondum
740 4324 768 4376 in
787 4323 833 4392 ips
865 4323 981 4375 crimine
1004 4318 1206 4392 deprehensi).
