<?xml version="1.0" encoding="UTF-8"?>
<!DOCTYPE html PUBLIC "-//W3C//DTD XHTML 1.0 Transitional//EN"
    "http://www.w3.org/TR/xhtml1/DTD/xhtml1-transitional.dtd">
<html xmlns="http://www.w3.org/1999/xhtml" xml:lang="en" lang="en">
 <head>
  <title>
</title>
<meta http-equiv="Content-Type" content="text/html;charset=utf-8" />
  <meta name='ocr-system' content='tesseract 3.04.00' />
  <meta name='ocr-capabilities' content='ocr_page ocr_carea ocr_par ocr_line ocrx_word'/>
</head>
<body>
  <div class='ocr_page' id='page_1' title='image "./observationesin00mayegoog_0050.png"; bbox 0 0 3120 4930; ppageno 0'>
   <div class='ocr_carea' id='block_1_1' title="bbox 575 483 799 556">
    <p class='ocr_par' dir='ltr' id='par_1_1' title="bbox 575 483 799 556">
     <span class='ocr_line' id='line_1_1' title="bbox 575 483 799 556; baseline 0.004 -19"><span class='ocrx_word' id='word_1_1' title='bbox 575 483 799 556; x_wconf 32' lang='lat'>-454</span> 
     </span>
    </p>
   </div>
   <div class='ocr_carea' id='block_1_2' title="bbox 143 681 1220 1330">
    <p class='ocr_par' dir='ltr' id='par_1_2' title="bbox 143 681 1218 988">
     <span class='ocr_line' id='line_1_2' title="bbox 143 681 1214 776; baseline -0.003 -27"><span class='ocrx_word' id='word_1_2' title='bbox 143 684 296 776; x_wconf 81' lang='grc' dir='ltr'><em>κλήσεως.</em></span> <span class='ocrx_word' id='word_1_3' title='bbox 321 689 362 769; x_wconf 59' lang='grc' dir='ltr'>ἐξ</span> <span class='ocrx_word' id='word_1_4' title='bbox 387 683 441 769; x_wconf 83' lang='grc'>37,</span> <span class='ocrx_word' id='word_1_5' title='bbox 468 684 540 763; x_wconf 80' lang='grc'>115,</span> <span class='ocrx_word' id='word_1_6' title='bbox 567 685 639 749; x_wconf 90' lang='grc'>121.</span> <span class='ocrx_word' id='word_1_7' title='bbox 665 685 705 748; x_wconf 88' lang='lat' dir='ltr'>of.</span> <span class='ocrx_word' id='word_1_8' title='bbox 730 684 927 770; x_wconf 83' lang='lat' dir='ltr'>Bernhardy</span> <span class='ocrx_word' id='word_1_9' title='bbox 951 707 982 769; x_wconf 80' lang='lat' dir='ltr'>p.</span> <span class='ocrx_word' id='word_1_10' title='bbox 1006 685 1082 749; x_wconf 78' lang='lat'><strong>370.</strong></span> <span class='ocrx_word' id='word_1_11' title='bbox 1106 681 1214 748; x_wconf 85' lang='lat' dir='ltr'>Kueh-</span> 
     </span>
     <span class='ocr_line' id='line_1_3' title="bbox 143 791 1218 877; baseline -0.005 -20"><span class='ocrx_word' id='word_1_12' title='bbox 143 815 206 857; x_wconf 88' lang='lat' dir='ltr'>ner</span> <span class='ocrx_word' id='word_1_13' title='bbox 230 799 250 875; x_wconf 67' lang='grc' dir='ltr'>ξ</span> <span class='ocrx_word' id='word_1_14' title='bbox 274 792 348 876; x_wconf 90' lang='grc'>382,</span> <span class='ocrx_word' id='word_1_15' title='bbox 379 793 409 856; x_wconf 86' lang='grc'>4.</span> <span class='ocrx_word' id='word_1_16' title='bbox 435 815 463 859; x_wconf 89' lang='lat' dir='ltr'>a.</span> <span class='ocrx_word' id='word_1_17' title='bbox 499 834 539 841; x_wconf 82' lang='lat'><em>-</em></span> <span class='ocrx_word' id='word_1_18' title='bbox 565 791 744 876; x_wconf 87' lang='lat' dir='ltr'>perfeetum</span> <span class='ocrx_word' id='word_1_19' title='bbox 778 791 909 876; x_wconf 90' lang='lat' dir='ltr'>ponitur</span> <span class='ocrx_word' id='word_1_20' title='bbox 932 797 952 874; x_wconf 58' lang='grc' dir='ltr'>ᾖ</span> <span class='ocrx_word' id='word_1_21' title='bbox 976 792 1035 856; x_wconf 78' lang='lat'>25:</span> <span class='ocrx_word' id='word_1_22' title='bbox 1071 795 1135 856; x_wconf 76' lang='grc' dir='ltr'>τῶν</span> <span class='ocrx_word' id='word_1_23' title='bbox 1159 793 1218 877; x_wconf 80' lang='grc' dir='ltr'>ρὲν</span> 
     </span>
     <span class='ocr_line' id='line_1_4' title="bbox 143 899 517 988; baseline 0 -24"><span class='ocrx_word' id='word_1_24' title='bbox 143 899 323 988; x_wconf 79' lang='grc' dir='ltr'><em>,ιιαρτόρων</em></span> <span class='ocrx_word' id='word_1_25' title='bbox 347 901 517 985; x_wconf 87' lang='grc' dir='ltr'><em>ἀκηκόατε.</em></span> 
     </span>
    </p>

    <p class='ocr_par' dir='ltr' id='par_1_3' title="bbox 146 1023 1220 1330">
     <span class='ocr_line' id='line_1_5' title="bbox 238 1023 1217 1112; baseline -0.003 -21"><span class='ocrx_word' id='word_1_26' title='bbox 238 1029 265 1110; x_wconf 88' lang='lat' dir='ltr'>o)</span> <span class='ocrx_word' id='word_1_27' title='bbox 291 1026 544 1111; x_wconf 87' lang='lat' dir='ltr'>profuturo</span> <span class='ocrx_word' id='word_1_28' title='bbox 574 1031 594 1109; x_wconf 65' lang='grc' dir='ltr'>ξ</span> <span class='ocrx_word' id='word_1_29' title='bbox 631 1025 693 1089; x_wconf 81' lang='lat'>149</span> <span class='ocrx_word' id='word_1_30' title='bbox 718 1023 854 1090; x_wconf 82' lang='grc' dir='ltr'><em>ἕκαστον</em></span> <span class='ocrx_word' id='word_1_31' title='bbox 889 1026 952 1112; x_wconf 80' lang='grc' dir='ltr'>χρη</span> <span class='ocrx_word' id='word_1_32' title='bbox 989 1026 1128 1112; x_wconf 78' lang='grc' dir='ltr'><em>νορίζειν</em></span> <span class='ocrx_word' id='word_1_33' title='bbox 1160 1026 1217 1088; x_wconf 86' lang='grc' dir='ltr'>τόν</span> 
     </span>
     <span class='ocr_line' id='line_1_6' title="bbox 147 1133 1216 1222; baseline -0.002 -24"><span class='ocrx_word' id='word_1_34' title='bbox 147 1135 356 1222; x_wconf 75' lang='grc' dir='ltr'><em>Λεωκράτους</em></span> <span class='ocrx_word' id='word_1_35' title='bbox 373 1134 660 1222; x_wconf 62' lang='grc' dir='ltr'><em>ἀποψηφιζόμενον</em></span> <span class='ocrx_word' id='word_1_36' title='bbox 673 1133 817 1199; x_wconf 74' lang='grc' dir='ltr'><em>ιλόνατον</em></span> <span class='ocrx_word' id='word_1_37' title='bbox 831 1137 886 1222; x_wconf 73' lang='grc' dir='ltr'>τῆς</span> <span class='ocrx_word' id='word_1_38' title='bbox 899 1133 1065 1221; x_wconf 81' lang='grc' dir='ltr'><em>πατρίδος.</em></span> <span class='ocrx_word' id='word_1_39' title='bbox 1076 1185 1082 1197; x_wconf 94' lang='grc'><strong>.</strong></span> <span class='ocrx_word' id='word_1_40' title='bbox 1094 1187 1099 1197; x_wconf 96' lang='grc'>.</span> <span class='ocrx_word' id='word_1_41' title='bbox 1109 1157 1153 1197; x_wconf 90' lang='grc' dir='ltr'>κα</span> <span class='ocrx_word' id='word_1_42' title='bbox 1162 1157 1216 1196; x_wconf 85' lang='grc' dir='ltr'>τα-</span> 
     </span>
     <span class='ocr_line' id='line_1_7' title="bbox 146 1240 1220 1330; baseline -0.001 -26"><span class='ocrx_word' id='word_1_43' title='bbox 146 1241 414 1330; x_wconf 77' lang='grc' dir='ltr'><em>ψηφίζεσδαι.</em></span> <span class='ocrx_word' id='word_1_44' title='bbox 467 1241 559 1304; x_wconf 87' lang='lat' dir='ltr'>ouius</span> <span class='ocrx_word' id='word_1_45' title='bbox 589 1241 719 1324; x_wconf 87' lang='lat' dir='ltr'>generis</span> <span class='ocrx_word' id='word_1_46' title='bbox 751 1241 910 1306; x_wconf 88' lang='lat' dir='ltr'>rationem</span> <span class='ocrx_word' id='word_1_47' title='bbox 934 1240 1085 1326; x_wconf 84' lang='lat' dir='ltr'><strong>exposuit</strong></span> <span class='ocrx_word' id='word_1_48' title='bbox 1108 1240 1220 1304; x_wconf 91' lang='lat' dir='ltr'>Bremi</span> 
     </span>
    </p>
   </div>
   <div class='ocr_carea' id='block_1_3' title="bbox 149 1347 1220 1538">
    <p class='ocr_par' dir='ltr' id='par_1_4' title="bbox 149 1347 1220 1538">
     <span class='ocr_line' id='line_1_8' title="bbox 149 1347 1220 1435; baseline 0 -25"><span class='ocrx_word' id='word_1_49' title='bbox 149 1349 184 1410; x_wconf 93' lang='lat' dir='ltr'>in</span> <span class='ocrx_word' id='word_1_50' title='bbox 220 1369 292 1412; x_wconf 84' lang='lat' dir='ltr'>exo.</span> <span class='ocrx_word' id='word_1_51' title='bbox 327 1348 420 1416; x_wconf 90' lang='lat' dir='ltr'>VIII.</span> <span class='ocrx_word' id='word_1_52' title='bbox 457 1347 499 1412; x_wconf 92' lang='lat' dir='ltr'>ad</span> <span class='ocrx_word' id='word_1_53' title='bbox 533 1347 657 1435; x_wconf 80' lang='lat' dir='ltr'>Lysiae</span> <span class='ocrx_word' id='word_1_54' title='bbox 693 1357 725 1410; x_wconf 88' lang='lat' dir='ltr'>ot</span> <span class='ocrx_word' id='word_1_55' title='bbox 760 1347 914 1414; x_wconf 82' lang='lat' dir='ltr'>Aeschin.</span> <span class='ocrx_word' id='word_1_56' title='bbox 949 1356 1042 1411; x_wconf 88' lang='lat' dir='ltr'>oratt.</span> <span class='ocrx_word' id='word_1_57' title='bbox 1083 1347 1220 1411; x_wconf 79' lang='lat' dir='ltr'>selectas</span> 
     </span>
     <span class='ocr_line' id='line_1_9' title="bbox 151 1453 553 1538; baseline -0.005 -18"><span class='ocrx_word' id='word_1_58' title='bbox 151 1454 271 1538; x_wconf 75' lang='lat' dir='ltr'>(Gotha</span> <span class='ocrx_word' id='word_1_59' title='bbox 297 1453 396 1537; x_wconf 86' lang='grc'>1826)</span> <span class='ocrx_word' id='word_1_60' title='bbox 421 1477 452 1538; x_wconf 91' lang='lat' dir='ltr'>p.</span> <span class='ocrx_word' id='word_1_61' title='bbox 478 1453 553 1518; x_wconf 81' lang='lat'>445.</span> 
     </span>
    </p>
   </div>
   <div class='ocr_carea' id='block_1_4' title="bbox 151 1579 1222 1774">
    <p class='ocr_par' dir='ltr' id='par_1_5' title="bbox 151 1579 1222 1774">
     <span class='ocr_line' id='line_1_10' title="bbox 241 1579 1220 1666; baseline -0.002 -21"><span class='ocrx_word' id='word_1_62' title='bbox 241 1580 447 1650; x_wconf 80' lang='lat' dir='ltr'>Praesens</span> <span class='ocrx_word' id='word_1_63' title='bbox 470 1580 716 1652; x_wconf 84' lang='lat' dir='ltr'>historioum</span> <span class='ocrx_word' id='word_1_64' title='bbox 732 1580 766 1644; x_wconf 89' lang='lat' dir='ltr'>in</span> <span class='ocrx_word' id='word_1_65' title='bbox 783 1587 850 1646; x_wconf 87' lang='lat' dir='ltr'>tota</span> <span class='ocrx_word' id='word_1_66' title='bbox 866 1580 1046 1646; x_wconf 87' lang='lat' dir='ltr'>Leooratea</span> <span class='ocrx_word' id='word_1_67' title='bbox 1064 1579 1220 1666; x_wconf 88' lang='lat' dir='ltr'>expedire</span> 
     </span>
     <span class='ocr_line' id='line_1_11' title="bbox 151 1687 1222 1774; baseline -0.004 -20"><span class='ocrx_word' id='word_1_68' title='bbox 151 1711 217 1754; x_wconf 89' lang='lat' dir='ltr'>non</span> <span class='ocrx_word' id='word_1_69' title='bbox 252 1688 344 1774; x_wconf 89' lang='lat' dir='ltr'>potui</span> <span class='ocrx_word' id='word_1_70' title='bbox 382 1687 445 1752; x_wconf 89' lang='lat' dir='ltr'>nisi</span> <span class='ocrx_word' id='word_1_71' title='bbox 484 1687 611 1753; x_wconf 87' lang='lat' dir='ltr'>duobus</span> <span class='ocrx_word' id='word_1_72' title='bbox 646 1687 744 1752; x_wconf 87' lang='lat' dir='ltr'>loeis:</span> <span class='ocrx_word' id='word_1_73' title='bbox 787 1687 875 1772; x_wconf 68' lang='lat'>§85</span> <span class='ocrx_word' id='word_1_74' title='bbox 914 1689 945 1753; x_wconf 91' lang='grc' dir='ltr'>τί</span> <span class='ocrx_word' id='word_1_75' title='bbox 981 1690 1168 1755; x_wconf 80' lang='grc' dir='ltr'><em>ποιοῦσιν</em></span> <span class='ocrx_word' id='word_1_76' title='bbox 1191 1689 1222 1751; x_wconf 79' lang='grc' dir='ltr'>οἱ</span> 
     </span>
    </p>
   </div>
   <div class='ocr_carea' id='block_1_5' title="bbox 153 1795 1341 1885">
    <p class='ocr_par' dir='ltr' id='par_1_6' title="bbox 153 1795 1341 1885">
     <span class='ocr_line' id='line_1_12' title="bbox 153 1795 1341 1885; baseline -0.003 -24"><span class='ocrx_word' id='word_1_77' title='bbox 153 1798 327 1885; x_wconf 71' lang='grc' dir='ltr'><em>πρόγονοι,·</em></span> <span class='ocrx_word' id='word_1_78' title='bbox 351 1801 371 1877; x_wconf 57' lang='lat' dir='ltr'><strong>g</strong></span> <span class='ocrx_word' id='word_1_79' title='bbox 397 1795 459 1860; x_wconf 88' lang='grc'>113</span> <span class='ocrx_word' id='word_1_80' title='bbox 484 1797 533 1860; x_wconf 88' lang='grc' dir='ltr'>καί</span> <span class='ocrx_word' id='word_1_81' title='bbox 556 1795 780 1884; x_wconf 79' lang='grc' dir='ltr'><em>ψηφίζεται</em></span> <span class='ocrx_word' id='word_1_82' title='bbox 809 1797 826 1860; x_wconf 91' lang='grc' dir='ltr'><em>ό</em></span> <span class='ocrx_word' id='word_1_83' title='bbox 851 1798 952 1884; x_wconf 79' lang='grc' dir='ltr'><em>δηρος</em></span> <span class='ocrx_word' id='word_1_84' title='bbox 977 1795 1071 1880; x_wconf 84' lang='lat' dir='ltr'>(alibi</span> <span class='ocrx_word' id='word_1_85' title='bbox 1094 1817 1222 1879; x_wconf 83' lang='lat' dir='ltr'><strong>semper</strong></span> <span class='ocrx_word' id='word_1_86' title='bbox 1337 1828 1341 1835; x_wconf 95' lang='lat'>·</span> 
     </span>
    </p>
   </div>
   <div class='ocr_carea' id='block_1_6' title="bbox 154 1901 1315 2092">
    <p class='ocr_par' dir='ltr' id='par_1_7' title="bbox 154 1901 1315 2092">
     <span class='ocr_line' id='line_1_13' title="bbox 154 1901 1315 1992; baseline -0.003 -25"><span class='ocrx_word' id='word_1_87' title='bbox 154 1904 337 1992; x_wconf 78' lang='grc' dir='ltr'><em>ἐψηφίσατο</em></span> <span class='ocrx_word' id='word_1_88' title='bbox 362 1903 395 1968; x_wconf 92' lang='lat' dir='ltr'>in</span> <span class='ocrx_word' id='word_1_89' title='bbox 420 1901 538 1968; x_wconf 90' lang='lat' dir='ltr'>talibus</span> <span class='ocrx_word' id='word_1_90' title='bbox 563 1903 648 1968; x_wconf 85' lang='lat' dir='ltr'><strong>dixit</strong></span> <span class='ocrx_word' id='word_1_91' title='bbox 671 1903 864 1992; x_wconf 87' lang='lat' dir='ltr'>Lyeurgus:</span> <span class='ocrx_word' id='word_1_92' title='bbox 896 1909 939 1986; x_wconf 59' lang='grc' dir='ltr'>ἐξ</span> <span class='ocrx_word' id='word_1_93' title='bbox 970 1902 1021 1988; x_wconf 88' lang='grc'>16,</span> <span class='ocrx_word' id='word_1_94' title='bbox 1048 1903 1121 1988; x_wconf 84' lang='grc'>114,</span> <span class='ocrx_word' id='word_1_95' title='bbox 1149 1903 1221 1984; x_wconf 90' lang='grc'>121,</span> <span class='ocrx_word' id='word_1_96' title='bbox 1312 1945 1315 1952; x_wconf 87' lang='lat'><strong>.</strong></span> 
     </span>
     <span class='ocr_line' id='line_1_14' title="bbox 157 2012 244 2092; baseline 0.023 -18"><span class='ocrx_word' id='word_1_97' title='bbox 157 2012 244 2092; x_wconf 76' lang='grc'>125).</span> 
     </span>
    </p>
   </div>
   <div class='ocr_carea' id='block_1_7' title="bbox 540 2172 945 2284">
    <p class='ocr_par' dir='ltr' id='par_1_8' title="bbox 540 2172 945 2284">
     <span class='ocr_line' id='line_1_15' title="bbox 540 2172 945 2284; baseline 0.005 -14"><span class='ocrx_word' id='word_1_98' title='bbox 540 2215 575 2270; x_wconf 88' lang='grc' dir='ltr'>Β.</span> <span class='ocrx_word' id='word_1_99' title='bbox 594 2216 638 2272; x_wconf 81' lang='lat' dir='ltr'>De</span> <span class='ocrx_word' id='word_1_100' title='bbox 657 2217 843 2284; x_wconf 73' lang='lat' dir='ltr'>imperfecto.</span> <span class='ocrx_word' id='word_1_101' title='bbox 940 2172 945 2195; x_wconf 76' lang='lat'><em>.</em></span> 
     </span>
    </p>
   </div>
   <div class='ocr_carea' id='block_1_8' title="bbox 245 2373 1225 2462">
    <p class='ocr_par' dir='ltr' id='par_1_9' title="bbox 245 2373 1225 2462">
     <span class='ocr_line' id='line_1_16' title="bbox 245 2373 1225 2462; baseline 0 -24"><span class='ocrx_word' id='word_1_102' title='bbox 245 2373 297 2438; x_wconf 83' lang='lat' dir='ltr'>Ex</span> <span class='ocrx_word' id='word_1_103' title='bbox 320 2397 381 2440; x_wconf 87' lang='lat' dir='ltr'>usu</span> <span class='ocrx_word' id='word_1_104' title='bbox 404 2375 586 2461; x_wconf 85' lang='lat' dir='ltr'>imperfecti</span> <span class='ocrx_word' id='word_1_105' title='bbox 611 2376 698 2462; x_wconf 88' lang='lat' dir='ltr'>quod</span> <span class='ocrx_word' id='word_1_106' title='bbox 723 2376 844 2442; x_wconf 84' lang='lat' dir='ltr'>dieitur</span> <span class='ocrx_word' id='word_1_107' title='bbox 866 2385 1041 2442; x_wconf 77' lang='lat' dir='ltr'>conatus</span> <span class='ocrx_word' id='word_1_108' title='bbox 1065 2376 1097 2438; x_wconf 92' lang='lat' dir='ltr'>in</span> <span class='ocrx_word' id='word_1_109' title='bbox 1125 2398 1225 2440; x_wconf 87' lang='lat' dir='ltr'>enun-</span> 
     </span>
    </p>
   </div>
   <div class='ocr_carea' id='block_1_9' title="bbox 156 2481 1229 3748">
    <p class='ocr_par' dir='ltr' id='par_1_10' title="bbox 156 2481 1229 3748">
     <span class='ocr_line' id='line_1_17' title="bbox 156 2481 1224 2572; baseline 0.003 -27"><span class='ocrx_word' id='word_1_110' title='bbox 156 2481 237 2546; x_wconf 88' lang='lat' dir='ltr'>tiato</span> <span class='ocrx_word' id='word_1_111' title='bbox 262 2488 282 2565; x_wconf 66' lang='grc' dir='ltr'>ξ</span> <span class='ocrx_word' id='word_1_112' title='bbox 307 2483 388 2547; x_wconf 79' lang='lat'>125:</span> <span class='ocrx_word' id='word_1_113' title='bbox 413 2484 613 2572; x_wconf 80' lang='grc' dir='ltr'><em>ἐψηφίσαντο</em></span> <span class='ocrx_word' id='word_1_114' title='bbox 640 2486 700 2572; x_wconf 70' lang='grc' dir='ltr'>γάρ</span> <span class='ocrx_word' id='word_1_115' title='bbox 724 2485 774 2548; x_wconf 84' lang='grc' dir='ltr'>καί</span> <span class='ocrx_word' id='word_1_116' title='bbox 798 2488 941 2571; x_wconf 81' lang='grc' dir='ltr'><em>ὤμοσαν,</em></span> <span class='ocrx_word' id='word_1_117' title='bbox 966 2483 1020 2549; x_wconf 82' lang='grc' dir='ltr'>ἐάν</span> <span class='ocrx_word' id='word_1_118' title='bbox 1046 2507 1089 2556; x_wconf 86' lang='grc' dir='ltr'>τις</span> <span class='ocrx_word' id='word_1_119' title='bbox 1114 2506 1224 2572; x_wconf 83' lang='grc' dir='ltr'><em>τοραν·</em></span> 
     </span>
     <span class='ocr_line' id='line_1_18' title="bbox 158 2590 1223 2679; baseline -0.001 -25"><span class='ocrx_word' id='word_1_120' title='bbox 158 2591 219 2655; x_wconf 89' lang='grc' dir='ltr'><em>νίδι</em></span> <span class='ocrx_word' id='word_1_121' title='bbox 252 2592 443 2678; x_wconf 79' lang='grc' dir='ltr'><em>ἐπιδῆται</em></span> <span class='ocrx_word' id='word_1_122' title='bbox 478 2590 497 2679; x_wconf 72' lang='grc' dir='ltr'><em>ἢ</em></span> <span class='ocrx_word' id='word_1_123' title='bbox 535 2593 594 2678; x_wconf 81' lang='grc' dir='ltr'>την</span> <span class='ocrx_word' id='word_1_124' title='bbox 628 2593 718 2656; x_wconf 92' lang='grc' dir='ltr'><em>πόλιν</em></span> <span class='ocrx_word' id='word_1_125' title='bbox 754 2594 935 2679; x_wconf 77' lang='grc' dir='ltr'><em>προδιδῷ</em></span> <span class='ocrx_word' id='word_1_126' title='bbox 971 2591 990 2679; x_wconf 72' lang='grc' dir='ltr'>η’</span> <span class='ocrx_word' id='word_1_127' title='bbox 1028 2593 1084 2655; x_wconf 90' lang='grc' dir='ltr'>τόν</span> <span class='ocrx_word' id='word_1_128' title='bbox 1119 2592 1223 2678; x_wconf 71' lang='grc' dir='ltr'><em>δῆμον</em></span> 
     </span>
     <span class='ocr_line' id='line_1_19' title="bbox 158 2697 1225 2787; baseline 0.002 -27"><span class='ocrx_word' id='word_1_129' title='bbox 158 2697 349 2784; x_wconf 76' lang='grc' dir='ltr'><em>καταλόη,</em></span> <span class='ocrx_word' id='word_1_130' title='bbox 382 2700 438 2762; x_wconf 87' lang='grc' dir='ltr'>τόν</span> <span class='ocrx_word' id='word_1_131' title='bbox 462 2699 700 2784; x_wconf 72' lang='grc' dir='ltr'><em>αἰσθανόμενον</em></span> <span class='ocrx_word' id='word_1_132' title='bbox 724 2701 870 2787; x_wconf 74' lang='grc' dir='ltr'><em>καθαρόν</em></span> <span class='ocrx_word' id='word_1_133' title='bbox 894 2699 972 2762; x_wconf 85' lang='grc' dir='ltr'><em>εἶναι</em></span> <span class='ocrx_word' id='word_1_134' title='bbox 995 2699 1225 2762; x_wconf 77' lang='grc' dir='ltr'><em>ἀποκτείναντα</em></span> 
     </span>
     <span class='ocr_line' id='line_1_20' title="bbox 158 2803 1226 2894; baseline 0 -26"><span class='ocrx_word' id='word_1_135' title='bbox 158 2803 356 2889; x_wconf 80' lang='lat' dir='ltr'>explicanda</span> <span class='ocrx_word' id='word_1_136' title='bbox 379 2827 449 2868; x_wconf 88' lang='lat' dir='ltr'>esse</span> <span class='ocrx_word' id='word_1_137' title='bbox 466 2805 620 2870; x_wconf 84' lang='lat' dir='ltr'>videntur</span> <span class='ocrx_word' id='word_1_138' title='bbox 644 2808 825 2894; x_wconf 78' lang='grc' dir='ltr'><em>προδιδῷ</em></span> <span class='ocrx_word' id='word_1_139' title='bbox 850 2813 880 2869; x_wconf 89' lang='lat' dir='ltr'>et</span> <span class='ocrx_word' id='word_1_140' title='bbox 904 2805 1087 2893; x_wconf 85' lang='grc' dir='ltr'><em>καταλόη.</em></span> <span class='ocrx_word' id='word_1_141' title='bbox 1111 2825 1226 2889; x_wconf 88' lang='lat' dir='ltr'>porpe-</span> 
     </span>
     <span class='ocr_line' id='line_1_21' title="bbox 159 2910 1227 2998; baseline -0.001 -24"><span class='ocrx_word' id='word_1_142' title='bbox 159 2934 230 2976; x_wconf 88' lang='lat' dir='ltr'>ram</span> <span class='ocrx_word' id='word_1_143' title='bbox 265 2920 374 2976; x_wconf 86' lang='lat' dir='ltr'>autem</span> <span class='ocrx_word' id='word_1_144' title='bbox 410 2911 517 2976; x_wconf 84' lang='lat' dir='ltr'>locum</span> <span class='ocrx_word' id='word_1_145' title='bbox 551 2912 638 2978; x_wconf 89' lang='lat' dir='ltr'>huno</span> <span class='ocrx_word' id='word_1_146' title='bbox 674 2913 875 2977; x_wconf 86' lang='lat' dir='ltr'>intellexisse</span> <span class='ocrx_word' id='word_1_147' title='bbox 912 2911 1067 2976; x_wconf 84' lang='lat' dir='ltr'>videntur</span> <span class='ocrx_word' id='word_1_148' title='bbox 1098 2911 1137 2994; x_wconf 81' lang='lat' dir='ltr'>ei,</span> <span class='ocrx_word' id='word_1_149' title='bbox 1171 2910 1227 2998; x_wconf 90' lang='lat' dir='ltr'>qui</span> 
     </span>
     <span class='ocr_line' id='line_1_22' title="bbox 160 3018 1227 3105; baseline 0.002 -23"><span class='ocrx_word' id='word_1_150' title='bbox 160 3027 269 3104; x_wconf 88' lang='lat' dir='ltr'>spreta</span> <span class='ocrx_word' id='word_1_151' title='bbox 302 3018 460 3084; x_wconf 90' lang='lat' dir='ltr'>librorum</span> <span class='ocrx_word' id='word_1_152' title='bbox 490 3020 786 3105; x_wconf 75' lang='lat' dir='ltr'>manuscriptorum</span> <span class='ocrx_word' id='word_1_153' title='bbox 819 3021 1013 3085; x_wconf 85' lang='lat' dir='ltr'>auctoritate</span> <span class='ocrx_word' id='word_1_154' title='bbox 1044 3019 1141 3084; x_wconf 90' lang='lat' dir='ltr'>etiam</span> <span class='ocrx_word' id='word_1_155' title='bbox 1166 3021 1227 3084; x_wconf 82' lang='grc' dir='ltr'><em>ἐπι-</em></span> 
     </span>
     <span class='ocr_line' id='line_1_23' title="bbox 161 3125 1228 3216; baseline -0.004 -24"><span class='ocrx_word' id='word_1_156' title='bbox 161 3128 261 3214; x_wconf 62' lang='lat' dir='ltr'>aava</span> <span class='ocrx_word' id='word_1_157' title='bbox 284 3125 318 3190; x_wconf 88' lang='lat' dir='ltr'>in</span> <span class='ocrx_word' id='word_1_158' title='bbox 343 3129 524 3216; x_wconf 78' lang='grc' dir='ltr'><em>ἐπιτιδῆται</em></span> <span class='ocrx_word' id='word_1_159' title='bbox 553 3127 746 3191; x_wconf 87' lang='lat' dir='ltr'>mutandum</span> <span class='ocrx_word' id='word_1_160' title='bbox 771 3149 840 3192; x_wconf 87' lang='lat' dir='ltr'>esse</span> <span class='ocrx_word' id='word_1_161' title='bbox 866 3135 1071 3192; x_wconf 76' lang='lat' dir='ltr'>censuerunt.</span> <span class='ocrx_word' id='word_1_162' title='bbox 1110 3125 1228 3190; x_wconf 89' lang='lat' dir='ltr'>etenim</span> 
     </span>
     <span class='ocr_line' id='line_1_24' title="bbox 161 3231 1228 3322; baseline -0.001 -25"><span class='ocrx_word' id='word_1_163' title='bbox 161 3233 264 3298; x_wconf 89' lang='lat' dir='ltr'>verba</span> <span class='ocrx_word' id='word_1_164' title='bbox 280 3235 477 3322; x_wconf 87' lang='grc' dir='ltr'><em>προδιδόναι,</em></span> <span class='ocrx_word' id='word_1_165' title='bbox 501 3234 676 3312; x_wconf 82' lang='grc' dir='ltr'><em>καταλύειν,</em></span> <span class='ocrx_word' id='word_1_166' title='bbox 701 3236 905 3301; x_wconf 78' lang='grc' dir='ltr'><em>ἐπιτίόεσιλαι</em></span> <span class='ocrx_word' id='word_1_167' title='bbox 921 3235 968 3299; x_wconf 90' lang='lat' dir='ltr'>ita</span> <span class='ocrx_word' id='word_1_168' title='bbox 984 3233 1069 3298; x_wconf 91' lang='lat' dir='ltr'>inter</span> <span class='ocrx_word' id='word_1_169' title='bbox 1085 3255 1119 3298; x_wconf 90' lang='lat' dir='ltr'>se</span> <span class='ocrx_word' id='word_1_170' title='bbox 1137 3231 1228 3296; x_wconf 89' lang='lat' dir='ltr'>diffe-</span> 
     </span>
     <span class='ocr_line' id='line_1_25' title="bbox 161 3339 1228 3427; baseline -0.002 -23"><span class='ocrx_word' id='word_1_171' title='bbox 161 3350 254 3424; x_wconf 83' lang='lat' dir='ltr'>runt,</span> <span class='ocrx_word' id='word_1_172' title='bbox 284 3342 376 3406; x_wconf 87' lang='lat' dir='ltr'>utin</span> <span class='ocrx_word' id='word_1_173' title='bbox 400 3350 562 3427; x_wconf 88' lang='lat' dir='ltr'>postremo</span> <span class='ocrx_word' id='word_1_174' title='bbox 587 3342 649 3406; x_wconf 91' lang='lat' dir='ltr'>hoo</span> <span class='ocrx_word' id='word_1_175' title='bbox 672 3341 773 3406; x_wconf 89' lang='lat' dir='ltr'>verbo</span> <span class='ocrx_word' id='word_1_176' title='bbox 798 3363 857 3426; x_wconf 89' lang='lat' dir='ltr'>per</span> <span class='ocrx_word' id='word_1_177' title='bbox 880 3363 914 3406; x_wconf 91' lang='lat' dir='ltr'>se</span> <span class='ocrx_word' id='word_1_178' title='bbox 938 3339 1016 3405; x_wconf 88' lang='lat' dir='ltr'>insit</span> <span class='ocrx_word' id='word_1_179' title='bbox 1039 3341 1127 3405; x_wconf 91' lang='lat' dir='ltr'>notio</span> <span class='ocrx_word' id='word_1_180' title='bbox 1152 3339 1228 3404; x_wconf 90' lang='lat' dir='ltr'>insi-</span> 
     </span>
     <span class='ocr_line' id='line_1_26' title="bbox 162 3447 1227 3534; baseline -0.002 -22"><span class='ocrx_word' id='word_1_181' title='bbox 162 3447 338 3514; x_wconf 81' lang='lat' dir='ltr'>diandiao</span> <span class='ocrx_word' id='word_1_182' title='bbox 364 3449 502 3534; x_wconf 90' lang='lat' dir='ltr'>proinde</span> <span class='ocrx_word' id='word_1_183' title='bbox 526 3449 678 3533; x_wconf 78' lang='lat' dir='ltr'>conandi,</span> <span class='ocrx_word' id='word_1_184' title='bbox 703 3471 777 3514; x_wconf 88' lang='lat' dir='ltr'>oum</span> <span class='ocrx_word' id='word_1_185' title='bbox 801 3449 865 3513; x_wconf 89' lang='lat' dir='ltr'>duo</span> <span class='ocrx_word' id='word_1_186' title='bbox 889 3447 945 3512; x_wconf 86' lang='lat' dir='ltr'>illa</span> <span class='ocrx_word' id='word_1_187' title='bbox 961 3447 1046 3513; x_wconf 88' lang='lat' dir='ltr'>hano</span> <span class='ocrx_word' id='word_1_188' title='bbox 1062 3447 1227 3512; x_wconf 88' lang='lat' dir='ltr'>notionem</span> 
     </span>
     <span class='ocr_line' id='line_1_27' title="bbox 162 3553 1229 3641; baseline -0.002 -23"><span class='ocrx_word' id='word_1_189' title='bbox 162 3576 228 3620; x_wconf 90' lang='lat' dir='ltr'>non</span> <span class='ocrx_word' id='word_1_190' title='bbox 252 3577 310 3641; x_wconf 87' lang='lat' dir='ltr'>per</span> <span class='ocrx_word' id='word_1_191' title='bbox 334 3578 368 3620; x_wconf 88' lang='lat' dir='ltr'>se</span> <span class='ocrx_word' id='word_1_192' title='bbox 400 3555 606 3640; x_wconf 80' lang='lat' dir='ltr'>contineant,</span> <span class='ocrx_word' id='word_1_193' title='bbox 642 3556 689 3619; x_wconf 89' lang='lat' dir='ltr'>ita</span> <span class='ocrx_word' id='word_1_194' title='bbox 723 3563 759 3619; x_wconf 92' lang='lat' dir='ltr'>ut</span> <span class='ocrx_word' id='word_1_195' title='bbox 793 3554 1019 3640; x_wconf 82' lang='lat' dir='ltr'>imperfectum</span> <span class='ocrx_word' id='word_1_196' title='bbox 1053 3554 1138 3618; x_wconf 85' lang='lat' dir='ltr'>hane</span> <span class='ocrx_word' id='word_1_197' title='bbox 1162 3553 1229 3616; x_wconf 87' lang='lat' dir='ltr'>vim</span> 
     </span>
     <span class='ocr_line' id='line_1_28' title="bbox 162 3662 993 3748; baseline 0 -22"><span class='ocrx_word' id='word_1_198' title='bbox 162 3663 284 3726; x_wconf 81' lang='lat' dir='ltr'>inserat</span> <span class='ocrx_word' id='word_1_199' title='bbox 308 3685 439 3730; x_wconf 85' lang='lat' dir='ltr'>neeesse</span> <span class='ocrx_word' id='word_1_200' title='bbox 463 3663 506 3727; x_wconf 92' lang='lat' dir='ltr'>sit</span> <span class='ocrx_word' id='word_1_201' title='bbox 530 3664 587 3748; x_wconf 86' lang='lat' dir='ltr'>(ef.</span> <span class='ocrx_word' id='word_1_202' title='bbox 611 3662 769 3728; x_wconf 87' lang='lat' dir='ltr'>Kuehner</span> <span class='ocrx_word' id='word_1_203' title='bbox 793 3667 812 3746; x_wconf 65' lang='grc' dir='ltr'>ξ</span> <span class='ocrx_word' id='word_1_204' title='bbox 836 3662 912 3747; x_wconf 81' lang='grc'>382,</span> <span class='ocrx_word' id='word_1_205' title='bbox 938 3662 993 3748; x_wconf 88' lang='grc'>6,).</span> 
     </span>
    </p>
   </div>
   <div class='ocr_carea' id='block_1_10' title="bbox 164 3783 1232 4408">
    <p class='ocr_par' dir='ltr' id='par_1_11' title="bbox 164 3783 1232 4408">
     <span class='ocr_line' id='line_1_29' title="bbox 253 3783 1229 3875; baseline -0.003 -23"><span class='ocrx_word' id='word_1_206' title='bbox 253 3787 433 3874; x_wconf 84' lang='lat' dir='ltr'>Aliquanto</span> <span class='ocrx_word' id='word_1_207' title='bbox 451 3787 615 3852; x_wconf 80' lang='lat' dir='ltr'>difficilius</span> <span class='ocrx_word' id='word_1_208' title='bbox 633 3783 798 3874; x_wconf 86' lang='lat' dir='ltr'>explicatu</span> <span class='ocrx_word' id='word_1_209' title='bbox 811 3794 859 3852; x_wconf 89' lang='lat' dir='ltr'>est</span> <span class='ocrx_word' id='word_1_210' title='bbox 871 3786 1098 3872; x_wconf 79' lang='lat' dir='ltr'>imperfectum</span> <span class='ocrx_word' id='word_1_211' title='bbox 1114 3784 1190 3875; x_wconf 82' lang='grc' dir='ltr'><em>ἀπη’</em></span> <span class='ocrx_word' id='word_1_212' title='bbox 1199 3809 1229 3869; x_wconf 74' lang='grc' dir='ltr'>γ-</span> 
     </span>
     <span class='ocr_line' id='line_1_30' title="bbox 165 3892 1231 3981; baseline -0.003 -22"><span class='ocrx_word' id='word_1_213' title='bbox 165 3897 344 3980; x_wconf 63' lang='grc' dir='ltr'><em>γελλενξ</em></span> <span class='ocrx_word' id='word_1_214' title='bbox 374 3895 422 3980; x_wconf 88' lang='grc'>18,</span> <span class='ocrx_word' id='word_1_215' title='bbox 447 3895 480 3959; x_wconf 91' lang='lat' dir='ltr'>in</span> <span class='ocrx_word' id='word_1_216' title='bbox 505 3917 568 3981; x_wconf 89' lang='lat' dir='ltr'>quo</span> <span class='ocrx_word' id='word_1_217' title='bbox 592 3894 838 3981; x_wconf 84' lang='lat' dir='ltr'>interpretando</span> <span class='ocrx_word' id='word_1_218' title='bbox 863 3916 928 3959; x_wconf 95' lang='lat' dir='ltr'>non</span> <span class='ocrx_word' id='word_1_219' title='bbox 945 3892 1151 3960; x_wconf 83' lang='lat' dir='ltr'>consentiunt</span> <span class='ocrx_word' id='word_1_220' title='bbox 1167 3893 1231 3957; x_wconf 89' lang='lat' dir='ltr'>viri</span> 
     </span>
     <span class='ocr_line' id='line_1_31' title="bbox 165 3999 1231 4089; baseline -0.001 -25"><span class='ocrx_word' id='word_1_221' title='bbox 165 4001 264 4066; x_wconf 91' lang='lat' dir='ltr'>dooti.</span> <span class='ocrx_word' id='word_1_222' title='bbox 311 4001 481 4067; x_wconf 87' lang='lat' dir='ltr'>Rehdantz</span> <span class='ocrx_word' id='word_1_223' title='bbox 516 4001 564 4066; x_wconf 85' lang='lat' dir='ltr'>sie</span> <span class='ocrx_word' id='word_1_224' title='bbox 599 4001 744 4087; x_wconf 85' lang='lat' dir='ltr'>explieat</span> <span class='ocrx_word' id='word_1_225' title='bbox 781 4000 1040 4089; x_wconf 80' lang='lat' dir='ltr'>„d.1mperfekt</span> <span class='ocrx_word' id='word_1_226' title='bbox 1075 3999 1161 4064; x_wconf 91' lang='lat' dir='ltr'>steht</span> <span class='ocrx_word' id='word_1_227' title='bbox 1185 4001 1231 4064; x_wconf 81' lang='lat' dir='ltr'>oft</span> 
     </span>
     <span class='ocr_line' id='line_1_32' title="bbox 164 4107 1232 4194; baseline -0.003 -21"><span class='ocrx_word' id='word_1_228' title='bbox 164 4108 220 4173; x_wconf 87' lang='lat' dir='ltr'>bei</span> <span class='ocrx_word' id='word_1_229' title='bbox 235 4107 469 4194; x_wconf 76' lang='lat' dir='ltr'>Handlungen,</span> <span class='ocrx_word' id='word_1_230' title='bbox 494 4131 588 4172; x_wconf 89' lang='lat' dir='ltr'>wenn</span> <span class='ocrx_word' id='word_1_231' title='bbox 613 4108 712 4173; x_wconf 88' lang='lat' dir='ltr'>deren</span> <span class='ocrx_word' id='word_1_232' title='bbox 736 4107 968 4173; x_wconf 85' lang='lat' dir='ltr'>fortdauernde</span> <span class='ocrx_word' id='word_1_233' title='bbox 984 4107 1153 4192; x_wconf 87' lang='lat' dir='ltr'>Wirkung</span> <span class='ocrx_word' id='word_1_234' title='bbox 1177 4130 1232 4170; x_wconf 89' lang='lat' dir='ltr'>an-</span> 
     </span>
     <span class='ocr_line' id='line_1_33' title="bbox 165 4214 1231 4306; baseline -0.002 -26"><span class='ocrx_word' id='word_1_235' title='bbox 165 4215 323 4301; x_wconf 83' lang='lat' dir='ltr'>gedeutet</span> <span class='ocrx_word' id='word_1_236' title='bbox 346 4216 483 4306; x_wconf 88' lang='lat' dir='ltr'>werden</span> <span class='ocrx_word' id='word_1_237' title='bbox 502 4215 592 4281; x_wconf 79' lang='lat' dir='ltr'>soll.“</span> <span class='ocrx_word' id='word_1_238' title='bbox 641 4216 738 4300; x_wconf 87' lang='lat' dir='ltr'>paulo</span> <span class='ocrx_word' id='word_1_239' title='bbox 775 4214 868 4279; x_wconf 88' lang='lat' dir='ltr'>aliter</span> <span class='ocrx_word' id='word_1_240' title='bbox 892 4214 1007 4279; x_wconf 91' lang='lat' dir='ltr'>Blume</span> <span class='ocrx_word' id='word_1_241' title='bbox 1033 4214 1126 4303; x_wconf 87' lang='lat' dir='ltr'>(Lyo.</span> <span class='ocrx_word' id='word_1_242' title='bbox 1152 4223 1231 4278; x_wconf 92' lang='lat' dir='ltr'>orat.</span> 
     </span>
     <span class='ocr_line' id='line_1_34' title="bbox 166 4317 1232 4408; baseline -0.002 -22"><span class='ocrx_word' id='word_1_243' title='bbox 166 4323 200 4387; x_wconf 90' lang='lat' dir='ltr'>in</span> <span class='ocrx_word' id='word_1_244' title='bbox 224 4322 341 4388; x_wconf 87' lang='lat' dir='ltr'>Leoor.</span> <span class='ocrx_word' id='word_1_245' title='bbox 366 4321 511 4388; x_wconf 85' lang='lat' dir='ltr'>Sundiae</span> <span class='ocrx_word' id='word_1_246' title='bbox 546 4317 660 4387; x_wconf 53' lang='lat'>18282</span> <span class='ocrx_word' id='word_1_247' title='bbox 675 4345 707 4408; x_wconf 88' lang='lat' dir='ltr'>p.</span> <span class='ocrx_word' id='word_1_248' title='bbox 742 4323 796 4406; x_wconf 78' lang='grc'>71)</span> <span class='ocrx_word' id='word_1_249' title='bbox 828 4319 987 4386; x_wconf 75' lang='lat' dir='ltr'>‘crebram</span> <span class='ocrx_word' id='word_1_250' title='bbox 1021 4320 1232 4386; x_wconf 85' lang='lat' dir='ltr'>nuntiationis</span> 
     </span>
    </p>
   </div>
   <div class='ocr_carea' id='block_1_11' title="bbox 0 0 1587 4930">
    <p class='ocr_par' dir='ltr' id='par_1_12' title="bbox 0 0 1587 4930">
     <span class='ocr_line' id='line_1_35' title="bbox 0 0 1587 4930; baseline 0 0"><span class='ocrx_word' id='word_1_251' title='bbox 0 0 1587 4930; x_wconf 95' lang='lat' dir='ltr'> </span> 
     </span>
    </p>
   </div>
  </div>
 </body>
</html>
