3120 4930
581 509 802 575 ...43-

493 726 862 830 Verbum.

468 917 497 984 Ι.
523 916 573 986 De
597 915 784 1005 generibus
808 889 937 986 verbis

253 1058 407 1123 Eiusdem
444 1057 537 1123 verbi
573 1061 723 1150 παρέχειν
756 1059 861 1124 forma
885 1059 1017 1124 mediali
1041 1063 1230 1146 promiscue

154 1188 237 1230 curn
254 1165 362 1231 activa
379 1167 481 1230 utitur
493 1166 679 1254 Lycurgus,
697 1187 802 1252 neque
819 1166 954 1230 interest
971 1165 1072 1230 ullum
1089 1169 1229 1232 notionis

155 1273 352 1339 discrimen:
378 1280 398 1356 ξ
422 1274 465 1338 43
483 1277 519 1338 τὸ
537 1280 631 1360 σῶμα
655 1275 926 1361 παρασχόντα
952 1277 1041 1348 τάξαι
1058 1275 1099 1340 ef.
1118 1255 1159 1358 ἐξ
1175 1275 1228 1361 57,

157 1381 216 1461 Π,
243 1381 323 1462 1473
355 1379 413 1444 sed
446 1387 465 1463 ξ
497 1381 540 1446 23
572 1384 691 1445 ἐκεῖνον
715 1383 813 1445 αὐτὸν
837 1382 1092 1470 παρειχόμην
1118 1383 1160 1447 ef.
1186 1389 1228 1466 ἐξ

156 1487 217 1572 44,
246 1489 317 1570 102,
344 1487 416 1552 146.

251 1611 405 1694 Similiter
431 1613 617 1697 Lycurgum
643 1613 707 1676 sibi
724 1636 787 1678 non
806 1624 956 1678 constare
979 1614 1013 1678 in
1038 1637 1098 1678 usu
1123 1613 1228 1698 vorbi,

158 1720 251 1806 quod
284 1729 332 1784 est
363 1722 605 1809 κιιταψκγγὶζεια,
643 1721 808 1786 docebunt
839 1721 902 1785 duo
937 1722 1109 1806 exempla:
1143 1728 1162 1805 ξ
1192 1725 1229 1787 10

158 1829 278 1891 τοῦτον
302 1832 358 1891 νῦν
381 1829 532 1892 κολάσετε
556 1829 908 1917 κατεψηφισμένοι
933 1830 1114 1914 perfectum
1140 1855 1228 1894 κατε·

157 1933 323 2019 ψήφισμαι
356 1931 505 1996 medialis
538 1934 661 1997 formae
695 1937 977 2024 καταψηφίζεσθαι
1009 1935 1045 2022 (i.
1078 1959 1105 2000 e.
1130 1933 1228 2000 ‘dam-

157 2037 263 2123 nare')
297 2037 567 2122 significationem
605 2039 746 2103 adscivit
780 2039 990 2127 (postquam
1015 2040 1228 2106 damnavistis

158 2147 274 2228 eum’);
298 2154 412 2208 contra
437 2145 516 2227 §54
539 2147 560 2208 λλ
583 2147 622 2232 δὴ
650 2147 867 2230 κατέγνωσται
894 2150 952 2234 μὲν
977 2189 1028 2231 —‚
1064 2151 1228 2238 κατεψή-

158 2275 302 2340 φισται
328 2254 363 2316 δὲ
378 2291 432 2330 -,
450 2254 651 2338 ὁμολογεῖται
673 2255 708 2317 δὲ
732 2258 796 2318 κτλ.
822 2263 964 2339 potestas
989 2255 1121 2340 passiva
1144 2255 1228 2318 inest

156 2358 305 2443 perfecto
338 2360 573 2447 κατεψήφισται
598 2358 847 2446 (condemnatio
881 2361 969 2426 facta
993 2365 1060 2446 est)
1086 2361 1128 2425 ad
1152 2385 1228 2426 ana-

159 2465 282 2550 logiam
306 2467 533 2551 praeoedentis
558 2468 603 2551 pf.
631 2469 858 2551 κατέγνωσται.
885 2507 924 2516 -
943 2468 1030 2532 haud
1046 2491 1139 2532 secus
1156 2491 1228 2554 per·
1276 2505 1279 2512 ,

157 2572 245 2636 fecto
279 2574 512 2660 διαπέπραγμαι
545 2573 669 2658 passivi
701 2574 788 2638 notio
818 2575 903 2638 inest
927 2580 946 2656 ξ
972 2575 1012 2638 15
1039 2579 1118 2663 ἔργα
1142 2577 1227 2639 ἐναν-

159 2681 301 2744 τιώτατα
335 2687 400 2752 τοῖς
435 2680 540 2767 τούτῳ
559 2683 948 2770 διαπεπραγμένοις,
982 2681 1062 2746 alibi
1097 2703 1225 2766 semper

157 2787 258 2870 fere¹)
283 2786 395 2871 activi,
425 2809 490 2850 non
514 2786 618 2851 solum
642 2789 731 2873 apud
755 2789 948 2876 Lycurgum
973 2793 1028 2873 (ἐξ
1052 2790 1104 2872 90,
1140 2789 1223 2872 134),

161 2916 273 2959 verum
298 2894 395 2958 etiarn
419 2895 507 2980 apud
532 2894 684 2981 reliquos,

449 3087 499 3156 11.
525 3088 575 3158 De
599 3087 812 3177 temporibus
836 3088 945 3158 verbi.

475 3237 508 3292 A.
528 3236 572 3292 lio
591 3239 725 3306 tempore
746 3240 907 3306 praesenti.

247 3359 393 3423 Positum
417 3369 466 3423 est
490 3381 644 3444 praesens
668 3369 795 3446 tempus

248 3502 288 3568 a.)
314 3506 372 3569 pro
397 3486 561 3566 aorist0§
593 3487 654 3548 112
684 3489 986 3572 αἰσθανόμενος
1020 3487 1037 3548 ὁ
1063 3487 1163 3572 δῆμος
1190 3487 1225 3548 τὸ

156 3593 289 3674 γεγονὸς
321 3591 392 3664 τούς
429 3617 462 3656 τε
496 3594 685 3682 εῖμχιλέοτας
710 3596 813 3680 ἐξῆγε,
849 3615 914 3679 qua
938 3591 1071 3656 licentia
1106 3589 1227 3656 Graeci

154 3697 363 3762 sexcentiens
399 3707 544 3784 utuntur,
582 3722 621 3762 ac
645 3721 685 3762 ne
709 3720 767 3762 nos
792 3697 923 3784 quidem
946 3697 1025 3762 talia
1041 3697 1225 3783 respuimus

156 3804 239 3887 („als
253 3803 284 3868 d.
299 3803 385 3868 Volk
411 3806 538 3870 erfuhr.
553 3857 559 3869 .
576 3857 581 3869 .
598 3857 616 3889 .‚
633 3805 741 3869 ftihrte
759 3827 792 3869 es
807 3855 813 3868 .
830 3859 836 3872 .
853 3806 1031 3888 .heraus“).
1058 3805 1100 3871 of.
1118 3827 1226 3868 exem-

154 3912 213 3998 pla
237 3935 256 3976 a
280 3912 510 3997 Trentepohlio
536 3913 578 3976 ad
610 3912 807 3976 Aeschinem
843 3912 873 3994 (l.
899 3912 919 3976 l.
944 3936 975 3997 p.
1001 3914 1053 3995 ῦὸ)
1080 3910 1226 3980 οολλοοϊα.

246 4019 284 4082 In
308 4020 477 4084 sententiis
502 4025 522 4104 ᾖ
544 4023 603 4084 112
629 4021 701 4109 εὖμε
727 4021 785 4107 (sc.
811 4021 827 4082 ὁ
853 4021 970 4108 δῆμος)
991 4021 1046 4084 τὸν
1064 4019 1223 4108 (λμύαιχον

248 4183 267 4248 1)
287 4183 311 4235 si
330 4185 476 4254 exceperis
496 4184 562 4254 Lys.
578 4184 601 4250 I,
614 4185 648 4237 38
668 4185 695 4236 εἰ
712 4183 767 4255 μὲν
780 4180 902 4254 μηδενὸς
920 4182 1179 4253 γεγενημένου...,
1200 4182 1227 4234 εἰ

153 4271 380 4328 δὲ....πάνιων
401 4275 663 4351 διαπεπραγμένων.
711 4274 810 4352 Eurip.
831 4273 892 4330 Hel.
916 4273 991 4332 1177.
1030 4272 1150 4331 Luciau.
1170 4272 1226 4330 Το-

152 4378 215 4420 xar.
237 4377 259 4418 c.
279 4362 323 4420 44.
