3120 4930
617 506 814 571 -τ-

266 702 511 790 μηλόβοτος
544 701 660 784 fragm.
698 703 737 766 15
770 701 834 785 (ed.
871 701 994 768 Baiteri
1028 713 1061 767 et
1093 703 1243 789 Sauppii‚

176 804 290 874 Turioi
316 807 414 891 1834)
440 809 531 890 (ἀλλὰ
555 809 604 871 καὶ
621 810 806 897 μηλόβοτον
832 810 891 896 τὴν
914 810 1070 897 Ἀττικὴν
1086 815 1182 899 ἀνῆκε
1199 831 1243 876 so.

175 919 380 1001 Αὐτόλυκος),
406 938 451 982 or.
473 916 588 986 Leoor.
613 922 633 1000 ξ
659 918 722 984 145
746 919 778 1005 (ό
803 919 989 1006 μηλόβοτον
1014 920 1072 1006 τὴν
1098 919 1245 1006 Ἀττικὴν

177 1027 264 1091 εἶναι.
282 1077 287 1089 .
302 1078 307 1090 .
323 1025 654 1114 καταψηφισάμενος),
679 1024 736 1088 ubi
759 1025 809 1088 ira
832 1024 1051 1090 inflammatus
1069 1024 1244 1114 Lyeurgus

176 1131 312 1216 iudices,
336 1141 374 1197 ut
390 1131 607 1196 condemnent
629 1153 731 1217 reum,
748 1132 905 1196 hortatur.
943 1131 998 1218 qui
1015 1140 1123 1197 autem
1140 1132 1245 1218 magis

176 1239 305 1304 irritare
338 1239 444 1325 potuit
475 1237 725 1304 Atheniensium
756 1238 881 1302 animos
913 1247 1031 1324 orator,
1063 1237 1159 1326 quam
1189 1212 1245 1304 ad-

175 1346 347 1424 firmando,
384 1357 542 1432 quantum
580 1345 623 1410 ad
661 1345 864 1428 Leooratem,
909 1345 1064 1410 armentis
1099 1345 1245 1410 Atticam

177 1477 292 1540 agrum
325 1475 483 1539 pascuum
525 1454 618 1518 esse?
664 1452 855 1538 praesertim
888 1475 962 1518 oum
994 1452 1056 1516 hoo
1089 1452 1176 1517 dioto
1211 1453 1245 1517 in

175 1571 318 1627 mentem
341 1570 512 1626 revocaret
536 1560 582 1623 eis
607 1559 754 1624 miserias
770 1559 858 1623 illius
874 1559 1030 1645 temporis
1055 1564 1098 1643 (a.
1117 1582 1147 1624 a.
1166 1559 1242 1625 Chr.

176 1669 267 1754 404),
299 1690 363 1754 quo
394 1665 543 1731 Thebani
573 1666 634 1730 hoo
665 1665 737 1730 fieri
764 1664 919 1730 volebant
944 1665 1058 1749 (Isoer.
1082 1665 1174 1749 XIV,
1202 1671 1240 1729 31

177 1778 292 1841 ἔθεντο
326 1777 385 1861 τὴν
414 1778 526 1861 ψῆφον
550 1795 594 1836 εο.
622 1775 766 1860 θηβαῑοκ,
790 1773 833 1843 ὡς
862 1773 926 1860 χμη
952 1775 1011 1859 τὴν
1035 1773 1125 1862 πόλιν
1149 1775 1236 1847 ἐξαν-

177 1883 440 1970 όμαποόὶοασόακ
464 1883 513 1945 καὶ
539 1881 597 1968 τὴν
614 1880 725 1968 χώραν
740 1885 859 1943 ἀνεῖναι
874 1881 1060 1968 μηλόβοτον
1076 1879 1186 1966 ὥσπερ
1204 1882 1256 1944 τό
1365 1887 1373 1898 ’

178 1996 323 2076 κμισαῑον
346 1988 483 2073 πεδίον).

266 2097 283 2159 ό
293 2096 431 2185 Ιοκόνη
454 2095 516 2178 frg.
544 2095 585 2175 74
608 2094 630 2162 i.
643 2116 673 2180 q.
692 2092 783 2182 ἕμκος
798 2093 929 2180 (saepes
953 2115 978 2157 s.
1002 2097 1176 2179 saeptum.)
1202 2094 1245 2158 ct'.

178 2203 292 2288 Eurip.
323 2202 443 2266 Baeelr.
476 2201 537 2265 611
572 2200 622 2265 ed.
654 2199 782 2266 Nauck.
808 2199 962 2287 Aeschyl.
989 2199 1077 2286 Sept.
1105 2200 1168 2264 346
1193 2200 1244 2265 ed.

179 2307 329 2373 Dindorf.
355 2312 399 2390 (v.
424 2306 572 2372 Eustath.
598 2329 622 2371 s.
646 2311 705 2388 u).

268 2415 453 2486 nereensis
484 2419 504 2497 ξ
530 2412 603 2480 132.
635 2413 677 2477 of.
702 2411 857 2499 Aeschyl.
892 2411 980 2498 Sept.
1009 2413 1102 2477 1020.
1129 2411 1241 2498 Εοτίρ.

179 2523 275 2586 Rhoe.
301 2523 375 2586 515.
400 2522 598 2608 -saepius
622 2521 740 2588 dieitur
764 2523 926 2611 πετεηνός,
951 2545 1049 2608 quam
1073 2544 1186 2587 veram
1212 2531 1244 2586 et

179 2629 438 2715 antiquissimam
468 2629 605 2694 formam
634 2628 692 2716 (ex
724 2631 911 2718 πετεσηνός)
948 2651 1018 2693 esse
1053 2637 1147 2715 putat
1176 2628 1244 2692 Leo

177 2735 294 2824 Meyer
324 2735 427 2822 („vgl.
458 2736 603 2805 Gramm.
629 2736 659 2800 d.
685 2735 811 2820 grieeh.
835 2759 866 2800 u.
893 2735 1001 2801 latein.
1026 2735 1192 2822 Spraehe“
1218 2735 1244 2800 Ι.

179 2841 302 2907 Berlin.
331 2844 416 2907 1884
431 2844 451 2908 ².
476 2865 507 2928 p.
536 2845 622 2924 112).

269 2955 405 3021 τοκεῖς
428 2972 487 3035 pro
512 2956 614 3033 γονεῖς
638 2956 657 3032 ξ
686 2950 758 3033 147,
784 2949 871 3036 quod
895 2947 1069 3012 indulsisse
1093 2947 1157 3012 sibi
1180 2947 1245 3036 Ly-

178 3077 315 3138 curgum
339 3078 403 3120 non
427 3055 526 3120 miror
549 3056 582 3120 in
607 3056 736 3142 epilogo
760 3055 814 3120 illo
832 3060 887 3138 (ἐξ
906 3055 1106 3138 141-150),
1130 3054 1187 3118 ubi
1203 3055 1246 3119 ad

177 3184 336 3228 summam
372 3162 548 3228 verborum
583 3163 861 3248 magnificentiam
897 3161 1068 3225 adscendit
1099 3159 1246 3225 sollemni

179 3269 383 3336 allocutione.
431 3271 596 3334 invenitur
631 3271 727 3335 etiam
762 3271 796 3333 in
832 3269 947 3333 altiore
985 3267 1058 3332 stilo
1088 3267 1246 3354 epitaphii

179 3376 268 3462 apud
302 3377 453 3465 Thuoyd.
471 3377 531 3460 ll,
567 3377 621 3461 44,
656 3381 684 3442 1.
731 3376 854 3441 Herod.
888 3375 950 3460 ΙΙΙ,
987 3376 1040 3440 52.
1092 3375 1246 3460 Xenoph.

178 3477 358 3548 Memorub.
383 3482 426 3552 II.
454 3485 482 3566 1,
508 3483 560 3548 33.

267 3588 375 3674 Magis
409 3589 559 3654 minusve
594 3588 756 3654 accedunt
791 3588 832 3654 ad
869 3588 1030 3674 poetieam
1070 3585 1247 3651 dictionem

179 3695 340 3782 permulta
365 3696 599 3781 composita
624 3696 781 3782 cuiusque
805 3696 945 3781 generis,
969 3695 1001 3759 in
1020 3694 1138 3781 quibus
1155 3702 1245 3759 sunt:

267 3804 526 3892 ἀείμνηστος
550 3803 854 3888 §§7‚110(lsoer.
878 3802 936 3885 IV,
964 3802 1036 3865 151.
1090 3800 1243 3866 Aeschin.

179 3911 241 3993 III,
268 3911 354 3991 148).

268 4018 484 4106 ἀνελέητος
513 4022 532 4098 ξ
566 4017 627 4081 148
658 4054 699 4062 -
730 4018 1019 4085 ἀναπόδεικτος
1061 4019 1080 4096 ξ
1119 4013 1181 4078 129
1204 4053 1248 4061 -—

178 4126 481 4212 ἀνυπέρβλητος
517 4130 559 4207 ἕξ
597 4124 676 4206 101,
716 4125 778 4190 105
826 4161 867 4170 —
914 4127 1050 4192 όοκκος
1089 4121 1150 4203 frg.
1191 4119 1244 4187 62.

178 4231 369 4322 ἀοίκητος
393 4234 434 4316 §5
447 4229 501 4316 60,
514 4231 556 4294 62
569 4230 747 4314 (Demosth.
766 4229 873 4315 XLV,
892 4229 944 4302 70,
968 4227 1068 4295 Isoer.
1082 4226 1141 4320 tv,
1170 4228 1242 4296 148.
