3120 4930
725 453 947 524 ..48-

295 655 524 720 concinnitatis
549 678 648 720 causa
672 657 847 740 λογιστέον.
888 655 947 720 sed
980 655 1054 720 ideo
1079 655 1255 744 Lycurgus
1279 657 1374 722 futu-

294 786 365 828 rum
389 763 700 850 posuissexvidetur,
735 763 812 849 quia
847 763 944 827 etiam
979 784 1113 848 sperare
1137 785 1208 828 sese
1232 774 1264 828 et
1288 786 1375 828 con-

293 869 395 934 fidere
419 870 589 955 profitetur
613 868 755 936 officium
786 893 880 934 suum
905 869 1122 936 Athenienses
1146 893 1210 935 non
1235 870 1374 955 neglec-

294 991 383 1047 turos
408 1003 487 1047 esse.
1101 967 1106 978 ⁸

383 1096 402 1172 ξ
427 1089 470 1154 56
495 1091 532 1152 εἰ
554 1087 786 1153 ἀπολύσετε
818 1095 891 1173 post
915 1089 932 1151 ὃ
957 1089 1006 1152 καί
1032 1087 1161 1152 πάντων
1186 1089 1302 1170 γένοιτ’
1324 1091 1373 1152 div

293 1198 505 1264 ἀτοπώτατον
531 1195 608 1282 quin
633 1205 722 1259 recte
738 1195 895 1282 Lycurgo
920 1193 1128 1278 attribuatur,
1153 1194 1241 1260 nullo
1265 1195 1370 1259 modo

295 1312 401 1389 potest
425 1301 589 1387 dubitari3
624 1301 722 1366 immo
748 1301 955 1388 frequentare
979 1301 1064 1364 hanc
1087 1300 1254 1366 licentiam
1279 1301 1371 1386 opti-

293 1433 380 1476 mum
420 1431 582 1496 quemque
621 1409 813 1494 scriptorem
853 1408 1028 1473 ostendunt
1064 1407 1233 1494 exempla,
1276 1431 1370 1495 quae

294 1517 496 1602 collegerunt
525 1515 723 1604 Bernhardy
758 1538 790 1601 p.
815 1516 879 1580 386
903 1524 934 1580 et
957 1515 1110 1600 Hartung
1145 1515 1272 1602 „Lehre
1296 1538 1370 1580 von

298 1624 329 1690 d.
353 1623 524 1690 Partikeln
558 1622 590 1690 d.
614 1621 738 1706 griech.
775 1622 952 1707 Spraclre.“
979 1622 1022 1687 II.
1056 1631 1078 1686 t.
1103 1621 1237 1708 Erlang.
1266 1622 1367 1688 1833.

297 1755 328 1817 p.
353 1732 428 1796 257.
453 1730 543 1796 nulla
566 1729 666 1813 igitur
691 1751 790 1794 causa
812 1727 965 1812 Dobree,
1001 1729 1126 1812 Baiter,
1159 1729 1215 1792 alii
1251 1737 1369 1814 spreta

293 1837 451 1903 librorum
475 1837 666 1904 auctoritate
690 1835 882 1902 απολύσαιτε
906 1835 1099 1900 maluerunt.

383 1945 551 2026 Quantum
575 1943 697 2008 laboris
721 1943 784 2007 viri
801 1943 890 2008 docti
907 1928 1168 2028 consumpserint
1182 1943 1217 2008 in
1242 1965 1364 2008 sanan-

293 2053 343 2117 dis
367 2051 477 2116 verbis
501 2053 556 2136 §9
581 2054 632 2118 διὰ
657 2053 693 2116 τὸ
717 2053 761 2138 μὴ
787 2053 820 2114 έν
846 2056 910 2122 τοῖς
927 2052 1088 2140 πρότερον
1104 2051 1234 2139 χρόνοις
1251 2075 1364 2134 γεγεν-

293 2163 393 2248 ῆσθαι
417 2161 565 2224 τοιοῦτον
588 2161 690 2248 μηδὲν
713 2159 795 2248 μήτε
820 2161 853 2222 ἐν
878 2165 942 2231 τοῖς
965 2159 1134 2245 μέλλουσιν
1158 2158 1367 2232 ἐπίδοξον

292 2268 396 2331 εἶναι
429 2269 682 2354 γεγενῆσθαι
706 2266 748 2337 ὡς
772 2265 854 2354 μήτε
879 2267 1074 2354 κατηγορίαν
1097 2265 1179 2354 μήτε
1204 2265 1366 2352 τιμωρίαν

292 2373 481 2460 ἐνδέχεσθαι
498 2373 601 2460 εὑρεῖν
624 2373 726 2451 ἀξίαν,
751 2371 810 2436 vix
826 2371 892 2436 dici
915 2380 1030 2457 potest.
1068 2371 1270 2435 reiciendum
1286 2393 1361 2436 esse

292 2491 323 2544 ct
346 2488 449 2544 totum
473 2479 702 2544 secundarium
719 2479 920 2544 enuntiatum
944 2480 1001 2552 ὡς,
1012 2530 1018 2544 .
1031 2531 1038 2544 .
1052 2529 1058 2544 .
1071 2530 1078 2544 .
1092 2529 1097 2542 .
1110 2479 1211 2558 ἀξίαν,
1237 2475 1366 2564 quippe

292 2610 354 2673 quo
389 2585 523 2652 moleste
557 2593 724 2670 repetatur
756 2575 918 2650 sententia
952 2585 1124 2670 proximae
1157 2576 1366 2670 paragraphi

292 2697 321 2781 (ξ
344 2695 415 2780 58),
440 2702 472 2758 et
495 2693 636 2757 alterum
660 2693 841 2778 perfectum
866 2696 1070 2781 γεγενῆσθαι,
1094 2691 1193 2758 hodie
1216 2690 1365 2780 Taylore

291 2809 469 2886 praeeunte
504 2799 653 2865 omnibus
686 2799 774 2885 quod
808 2800 910 2864 sciam
940 2821 1131 2884 persuasum
1155 2808 1204 2863 est
1227 2808 1364 2884 praeter

227 2989 229 2992 Ι
290 2929 390 2972 unum
413 2907 584 2972 Reichium
618 2905 808 2992 (Breslauer
832 2906 991 2994 Gymnas,
1015 2906 1131 2990 Progr.
1158 2905 1267 2993 1844),
1303 2906 1361 2992 qui

292 3017 485 3103 γεγενῆσθαι
515 3013 595 3078 illud
627 3013 804 3096 genuinum
835 3035 905 3078 esse
929 3013 1105 3078 arbitratus
1129 3012 1177 3076 sic
1200 3012 1360 3098 interpre-

290 3131 377 3186 tatur
400 3120 521 3187 locum:
554 3121 647 3203 „weil
678 3120 711 3184 in
737 3120 800 3184 den
825 3121 980 3186 fritheren
1004 3119 1119 3184 Zeiten
1144 3119 1358 3204 dergleichen

190 3297 191 3304 χ
290 3229 381 3294 nicht
403 3227 522 3292 vertibt
545 3228 678 3293 worden
703 3249 780 3311 war,
805 3228 874 3292 und
899 3227 982 3292 auch
1007 3227 1040 3291 in
1065 3227 1128 3291 den
1153 3227 1277 3311 Zeiten‚
1303 3226 1361 3291 die

291 3337 334 3401 da
365 3336 519 3400 kommen
551 3343 695 3400 mussten
727 3334 834 3422 (nicht
858 3334 1049 3400 ausbleiben
1073 3334 1245 3422 konnten),
1279 3333 1362 3398 kein

290 3443 457 3528 Argwohn
481 3443 649 3523 stattfand‚
675 3442 750 3507 dass
767 3464 803 3506 so
828 3449 928 3507 etwas
945 3441 1131 3526 geschehen
1154 3441 1232 3506 sei.“
1259 3463 1361 3527 quam

290 3550 542 3637 explicationem
571 3547 716 3636 prorsus
736 3548 939 3614 reconditam
962 3557 998 3614 ut
1020 3548 1206 3628 reiciamus,
1242 3547 1362 3613 suadet

290 3659 351 3722 hoc
367 3659 483 3744 ipsum,
504 3657 591 3744 quod
608 3657 711 3722 omnis
724 3643 892 3722 contentio
906 3665 1004 3742 atque
1020 3656 1219 3742 comparatio
1237 3677 1360 3736 eorum,

291 3788 375 3852 quae
399 3767 556 3850 perfecta,
581 3788 656 3830 cum
680 3765 736 3849 eis,
762 3787 846 3851 quae
870 3765 980 3828 futura
997 3785 1067 3828 esse
1085 3762 1165 3852 dicit
1181 3763 1360 3852 Lycurgus

291 3872 340 3958 (ἐν
365 3875 430 3943 τοῖς
460 3873 619 3960 πρότερον
644 3873 790 3960 χρόνοις.
807 3921 825 3952 .,
858 3875 891 3936 έν
917 3875 980 3942 τοῖς
1004 3869 1233 3958 μέλλουσιν..)
1259 3868 1360 3955 plane

291 3979 467 4044 deleretur.
504 3979 698 4065 interpretes
714 3979 770 4043 alii
794 3981 944 4062 γενέσθαι
960 3977 1061 4043 scribi
1077 3977 1250 4042 voluerunt
1266 3976 1359 4065 (oon-

289 4087 429 4150 ferentes
461 4087 561 4151 Isocr.
586 4087 644 4170 VI,
678 4087 708 4172 8,
733 4087 886 4151 Aeschin.
911 4086 975 4169 ΙΙΙ,
1002 4085 1075 4150 165.
1099 4083 1223 4149 Herod.
1249 4084 1276 4168 I,
1302 4085 1358 4150 89.

289 4192 373 4258 Plat.
399 4193 532 4258 Theaet.
571 4194 644 4278 143,
677 4193 719 4258 Ι).
744 4193 875 4258 Rhetor.
893 4192 935 4258 ad
959 4191 1056 4256 Alex.
1075 4214 1102 4256 c.
1121 4191 1173 4258 29.
1197 4232 1238 4240 -—
1257 4191 1360 4257 etiam
1456 4261 1461 4292 ,Ι

289 4309 364 4386 post
387 4302 510 4390 μέλλειν
544 4301 656 4365 aoristi
682 4300 883 4366 infinitivum
905 4298 1233 4386 posueruntAndoo.
1254 4299 1284 4384 I,
1312 4299 1357 4364 51
