3120 4930
604 457 823 524 -ll-

176 679 215 762 τῇ
250 676 379 763 πατρίδι
415 675 469 759 [of.
493 673 573 762 Lys.
598 675 645 760 11,
671 675 734 759 10],
770 681 790 758 ξ
838 673 880 738 24
916 675 1038 747 ἁπάσας
1070 677 1123 748 τὰς
1148 675 1243 748 ὁδοὺς

176 787 240 846 τῶν
271 781 478 870 ἀδικημάτων
509 782 699 870 ἐνέφραξαν)
732 782 846 868 utitur,
878 783 940 848 hoc
973 791 1102 870 quoque
1135 783 1242 868 poesis

175 888 281 954 studio
294 888 540 956 attribuendum
553 899 622 955 est:
639 911 715 954 nam
732 899 902 976 poetarum
920 898 969 956 est
985 913 1083 978 quam
1099 894 1243 956 maxime

175 1019 213 1060 ea
236 995 383 1080 deligere
403 995 519 1079 verba,
546 995 665 1084 quibus
694 1005 803 1062 certae
832 997 993 1083 imagines
1016 1019 1124 1062 rerum
1148 997 1242 1062 nobis

176 1112 408 1188 proponantur.
457 1103 589 1190 quodsi
613 1103 764 1190 exempla
781 1105 875 1170 huius
899 1127 977 1170 usus
993 1104 1111 1174 vellem
1135 1105 1243 1170 omnia
1282 1179 1286 1186 ‚

176 1209 316 1296 adferre,
333 1209 365 1274 in
383 1233 538 1295 magnum
555 1210 708 1276 volumen
725 1209 940 1278 adcresceret
952 1211 1034 1276 haec
1055 1211 1241 1278 dissertatio

175 1318 232 1402 (cf.
258 1316 353 1382 Blass
376 1317 397 1381 l.
422 1341 449 1382 o.
474 1339 505 1404 p.
530 1318 573 1384 99
597 1323 669 1404 sq.).

264 1424 404 1509 Deinde,
429 1425 456 1488 si
480 1424 604 1490 intenta
628 1424 795 1490 oculorum
819 1425 890 1490 acie
913 1425 1044 1509 singula
1067 1425 1242 1511 perlustra-

176 1516 272 1615 veris,
296 1553 361 1597 nou
386 1554 492 1618 pauca
516 1533 660 1617 profecto
686 1554 756 1597 esse
786 1531 948 1598 vocabula
980 1533 1134 1618 reperies,
1157 1553 1243 1620 'quae

177 1661 248 1704 eum
272 1640 418 1704 Isocrate
442 1639 627 1704 eommunia
651 1639 716 1703 sint
739 1639 908 1728 Lycurgo,
937 1641 1025 1726 quod
1055 1639 1120 1705 iam
1143 1662 1243 1726 supra

176 1745 394 1832 compluriens
423 1746 600 1832 tetigimus.
648 1769 754 1832 neque
789 1745 823 1810 id
855 1746 973 1810 mirum
1006 1755 1064 1832 est,
1090 1747 1242 1833 quoniam

176 1853 329 1918 familiari
352 1847 465 1940 utique
489 1873 565 1919 usus
590 1863 638 1918 est
661 1853 716 1918 illo
741 1859 787 1938 (v.
803 1853 857 1923 Ps.
875 1852 959 1918 Plut.
984 1876 1015 1923 v.
1040 1853 1122 1942 Lyc.
1140 1853 1241 1940 initio,

177 1983 207 2046 p.
232 1961 297 2026 345
312 1961 424 2026 Reisk.
449 2001 493 2010 -
516 1959 615 2045 Diog.
640 1960 750 2026 Laert.
775 1961 838 2043 111,
862 1959 929 2043 46).
977 1968 1120 2026 ceterum
1144 1961 1243 2026 etiam

177 2075 259 2133 totas
283 2067 461 2133 sententias
485 2090 527 2132 ex
551 2066 666 2132 eodem
682 2067 889 2132 transtulisse
905 2066 939 2132 in
956 2067 1134 2132 orationem
1150 2089 1242 2132 snam

177 2173 367 2263 Lycurgum
391 2175 485 2240 Blass
515 2174 550 2262 (l.
575 2197 602 2239 c.
628 2197 659 2260 p.
685 2174 727 2238 96
751 2174 826 2241 adn.
855 2176 897 2258 l.)
927 2182 959 2238 et
982 2173 1069 2240 Sam.
1093 2173 1183 2240 Elias
1207 2174 1241 2264 (l.

176 2305 204 2351 c.
228 2305 260 2368 p.
288 2283 343 2370 19)
369 2282 576 2348 adnotarunt.

264 2390 304 2454 In
341 2391 529 2454 universum
568 2389 709 2476 denique
743 2412 781 2454 ea
816 2387 1054 2474 praesertima
1086 2388 1242 2478 Lycurgo

176 2505 334 2582 usurpata
357 2505 389 2560 et
401 2495 567 2561 celebrata
583 2519 653 2562 esse
670 2505 925 2562 cousentaneum
941 2503 998 2580 est,
1017 2517 1101 2581 quae
1117 2495 1242 2560 sollem-

176 2603 271 2668 nitati
304 2614 335 2667 et
369 2603 526 2688 gravitati
560 2604 630 2668 fore
666 2625 857 2689 persuasum
892 2601 1037 2668 haberet.
1091 2602 1243 2690 idemque

177 2710 274 2775 etiam
299 2709 331 2774 in
356 2709 507 2798 syntaxis
539 2732 610 2794 usu,
645 2709 687 2774 ad
720 2731 815 2795 quem
839 2731 927 2774 nune
950 2707 1136 2775 accedimus
1159 2717 1240 2773 trao-

175 2817 321 2900 tandum,
346 2825 495 2882 secutum
519 2839 590 2882 esse
614 2825 776 2881 oratorem
799 2815 994 2882 videbimus.

603 3071 817 3079 ———-—.-—————-

443 3327 626 3452 PARS
673 3328 981 3454 ALTERA.

595 3513 646 3583 De
670 3513 827 3584 articulo.

266 3760 420 3826 Nativam
462 3761 699 3848 pristinamque
739 3759 1008 3846 significationem
1042 3763 1243 3848 pronominis

178 3867 424 3932 demonstrativi
440 3869 586 3934 servavit
601 3868 758 3934 articulus
774 3868 860 3951 §99‚
885 3868 912 3932 si
929 3868 1062 3955 quidem
1078 3892 1177 3936 sanus
1193 3879 1242 3934 est

177 3974 230 4037 hie
253 3975 344 4040 locus
368 3977 458 4062 (nam
489 3977 707 4062 praecedente
743 3974 896 4061 genetivo
928 3975 1242 4061 1111001111οδὲοοεί-

177 4089 244 4144 tum
269 4085 350 4164 est):
375 4083 557 4174 χρήσαντος
582 4089 671 4171 αὐτῷ
697 4085 754 4148 τοῦ
779 4083 859 4147 θεοῦ
877 4133 883 4145 .
903 4134 909 4146 .
929 4106 960 4146 .·
992 4083 1009 4146 ὁ
1035 4085 1076 4147 δὲ
1101 4087 1148 4169 τῷ
1173 4085 1242 4169 dep]

177 4189 369 4274 πειθόμενος
393 4191 479 4256 τοῦτ’
505 4193 629 4280 ἔπραξε,
655 4214 685 4255 v.
711 4186 907 4274 Bernhardy
931 4210 977 4270 gr.
1004 4188 1096 4275 Synt.
1122 4210 1153 4272 p.
1179 4189 1243 4252 304

177 4315 225 4380 sq.
252 4295 431 4360 lluelmer²
454 4304 474 4379 ,8
498 4299 563 4362 533
588 4297 662 4362 adn.

1066 4402 1083 4454 2
