3120 4930
626 473 850 538 -55-

193 669 346 750 γῶνταί
370 691 450 740 τινες
467 673 532 733 κτλ.
559 669 652 750 §121
681 670 945 757 ἐψηφίσαντο
971 669 1036 733 ἐάν
1062 670 1267 760 τις...ἁλίσ-

192 799 323 864 κηται.
349 781 369 858 ᾖ
397 778 458 840 125
482 777 737 864 ἐψηφίσαντο
764 776 829 840 ἐάν
854 799 898 848 τίς
923 765 1118 865 &acridiae
1143 781 1208 843 κτλ.

284 885 358 950 Non
382 881 658 967 praetereundum
683 881 762 946 mihi
792 904 863 946 esse
886 890 965 967 puto
990 882 1096 948 locum
1119 883 1154 947 in
1177 889 1197 966 ς
1221 886 1263 949 63

192 1001 232 1056 od
256 991 351 1076 μανία
375 989 480 1078 δήπου
506 993 602 1053 τοῦτο
627 990 728 1072 λέγειν
745 991 788 1062 ὡς
804 991 899 1054 οὐδὲν
922 991 965 1053 ἂν
990 991 1155 1080 γένηται
1179 1002 1265 1080 παρὰ

193 1100 323 1177 τοῦτον,
358 1098 435 1184 quia
467 1097 521 1160 hic
545 1097 773 1161 coniunctivae
812 1118 839 1160 e.
864 1099 902 1160 dn
927 1097 1014 1161 nullo
1039 1097 1136 1162 modo
1159 1099 1264 1164 teneri

192 1213 311 1290 potest.
337 1226 379 1268 ex
396 1204 452 1298 eis,
472 1205 527 1290 qui
543 1204 630 1268 hunc
654 1204 761 1268 locum
778 1224 895 1268 sanare
918 1204 1028 1269 conati
1044 1214 1129 1288 sunt,
1146 1207 1265 1270 Maetz-

193 1334 253 1376 ner
278 1311 355 1376 mihi
379 1311 478 1376 fidem
502 1311 580 1376 fecit
610 1312 785 1377 scribendo
810 1313 853 1384 ὡς
877 1314 971 1377 οὐδὲν
1004 1315 1052 1376 ἂν
1087 1313 1285 1394 ἐγένετο,

194 1419 237 1482 oh
270 1418 305 1482 id
337 1419 460 1504 ipsum,
497 1420 574 1505 quia
606 1419 694 1484 haud
729 1419 929 1484 dissimiliter
953 1441 1053 1504 sopra
1076 1419 1198 1499 legitur
1222 1421 1264 1492 ὡς

194 1529 291 1592 οὐδὲν
314 1529 362 1590 ἄν
386 1527 457 1614 παρ’
490 1525 544 1591 ἕνα
575 1531 753 1615 ἄνθρωπον
784 1529 958 1610 ἐγένετο,
985 1549 1069 1612 quae
1092 1526 1194 1610 igitur
1217 1526 1264 1591 ibi
1309 1537 1310 1542 ’

194 1635 360 1698 adiutores
392 1635 591 1722 (συνήγοροι)
625 1634 793 1700 Leocratis
826 1644 1022 1699 excusantes
1053 1635 1263 1720 inducuntur,

195 1764 236 1805 ea
259 1747 451 1825 repetuntur
474 1740 527 1804 hio
552 1741 593 1805 ab
626 1751 754 1806 oratore
778 1741 943 1806 interdum
966 1742 1107 1807 verboso
1132 1743 1264 1808 mutatis

193 1847 418 1912 tautummodo
451 1846 561 1912 verbis
592 1849 663 1936 παρ’
695 1846 749 1914 ἕνα
772 1851 950 1937 ἄνθρωπον
973 1849 1007 1913 iu
1031 1848 1134 1914 verba
1158 1851 1263 1934 magis

158 2027 162 2034 ,
196 1953 333 2018 definita
366 1957 451 2042 παρὰ
482 1956 598 2018 τοῦτον
633 1954 695 2039 (sic
720 1955 804 2018 enim
829 1955 919 2039 lege,
956 1977 1021 2020 nou
1045 1957 1129 2044 παρὰ
1154 1958 1262 2036 τοῦτο,

195 2069 331 2145 propter
356 2083 493 2146 eaquae
518 2070 673 2125 secuntur
696 2065 782 2150 παρὰ
799 2065 914 2126 τοῦτον
932 2065 1009 2127 εἶναι
1034 2067 1074 2150 τῇ
1098 2064 1187 2128 πόλει
1205 2065 1263 2150 τὴν

194 2170 386 2256 σωτηρίαν).

619 2344 652 2402 0.
671 2347 840 2417 Optatlvus.

284 2489 322 2552 ln
348 2497 538 2553 transcursu
562 2473 777 2552 commemoro
794 2509 953 2572 usurpare
969 2487 1161 2575 Lycurgum
1183 2509 1263 2552 sem·

194 2617 254 2680 per
278 2596 417 2680 optativi
442 2595 554 2660 coristi
578 2597 699 2660 formas
723 2596 757 2660 in
781 2635 824 2645 —
849 2619 923 2675 είας,
955 2636 997 2644 -
1021 2619 1063 2666 ece
1088 2594 1259 2659 terminan-

194 2713 259 2768 tes:
285 2709 325 2786 ἕξ
349 2704 402 2784 43,
426 2703 480 2786 49,
505 2704 558 2788 60,
582 2703 634 2787 66,
654 2705 705 2787 77,
730 2705 783 2786 91,
808 2706 861 2786 99,
887 2704 961 2788 100,
988 2703 1061 2788 119,
1089 2702 1159 2765 144.
1186 2724 1263 2785 ergo

194 2811 236 2874 ob
262 2810 345 2874 hauc
369 2810 471 2874 solam
496 2833 629 2875 causam
654 2810 856 2876 reiciendum
872 2819 920 2874 est
944 2810 1020 2896 §90
1045 2810 1263 2895 ὑπομείναι,

194 2916 282 3004 quod
305 2916 405 3001 vulgo
423 2917 604 3001 legebatur.
628 2940 735 3004 neque
753 2918 839 2981 enim
855 2915 1010 2984 credibile
1028 2925 1076 2980 est
1092 2925 1263 3000 oratorem,

194 3025 287 3088 cuius
311 3047 377 3088 una
401 3025 503 3089 oratio
536 3024 680 3088 deciens¹
699 3025 821 3088 formas
845 3025 948 3092 iu-
973 3049 1025 3100 ece,
1050 3063 1093 3071 —
1117 3046 1180 3094 ειας
1203 3030 1278 3086 ἴον»

194 3131 354 3195 minantes
379 3131 546 3216 praebeat,
578 3131 676 3196 semei
701 3132 785 3196 hauc
809 3132 947 3195 formam
979 3131 1172 3218 (ὑπομείναι)
1208 3129 1263 3193 ad·

194 3237 352 3302 hibuisse.
391 3240 520 3303 omniuo
557 3237 646 3324 apud
682 3249 827 3302 oratores
862 3237 935 3302 illas
969 3236 1108 3323 optativi
1143 3237 1263 3301 formas

193 3343 417 3430 praevaluisse
442 3345 537 3410 docet
560 3345 695 3408 Franke
718 3343 851 3431 (Philol.
876 3345 902 3409 I.
927 3342 1101 3428 Suppltbd.
1130 3343 1215 3408 1860
1231 3365 1261 3427 p.

194 3451 289 3538 452),
324 3451 451 3516 etiamsi
484 3453 517 3516 in
542 3452 763 3516 Demosthene
787 3451 961 3516 fluctuetur
985 3451 1068 3514 inter
1092 3458 1263 3535 utramque

194 3558 402 3643 scripturam.
425 3559 540 3646 utique
564 3559 605 3624 ab
623 3560 768 3624 isocrate
793 3558 890 3644 plane
906 3557 1032 3624 alienae
1048 3566 1123 3621 sunt
1138 3557 1263 3621 formae

194 3667 229 3730 in
253 3693 284 3730 αι
307 3667 529 3732 terminantes,

283 3771 356 3837 Nou
373 3773 468 3838 nimis
482 3773 645 3838 studuisse
658 3773 852 3861 Lycurgum
864 3772 1150 3860 hypotheticarum
1164 3793 1262 3834 enun-

194 3879 366 3944 tiationum
401 3881 613 3946 concinnitati
647 3881 697 3945 his
722 3879 881 3965 exemplis
908 3890 1051 3964 (praeter
1087 3901 1142 3961 ea,
1179 3899 1262 3963 quae

194 3986 259 4049 iarn
284 4008 390 4072 supra
408 3988 594 4070 citavimus)
620 3988 776 4052 efficitur:
802 3993 822 4070 ξ
842 3987 884 4051 66
909 3987 940 4050 οἵ
959 4009 1004 4057 τίς
1030 3985 1084 4049 ἕνα
1108 3985 1260 4070 νόμον...

194 4089 469 4176 ἐξαλείψειεν,
496 4097 551 4158 εἶτ’
576 4099 923 4178 ἀπολογοῖτο...-..,
954 4091 1001 4181 ἄρ’
1030 4101 1087 4156 οὐκ
1111 4093 1150 4155 ἂν
1173 4097 1261 4155 ἀπε-

192 4201 361 4266 κτείνατ’
378 4204 496 4281 αὐτόν,
513 4203 629 4265 transit
646 4212 753 4265 orator
770 4202 803 4268 in
819 4201 927 4266 medio
945 4199 1112 4264 enuntiato
1129 4199 1170 4263 ad
1183 4199 1261 4262 irre-

195 4306 279 4372 alcm
316 4331 413 4396 quam
449 4308 586 4380 dicimus
620 4308 779 4379 rationem
802 4307 1061 4399 hypotheticam,
1098 4315 1191 4392 puto,
1227 4315 1262 4376 ut
