3120 4930
762 523 981 586 ...62-

334 719 418 808 etc.],
444 719 523 801 §44
547 719 727 806 παρέσχετο
746 718 862 804 ἓαντην
887 720 929 788 εἷς
954 717 1262 804 τὴν...σιοτηριάν),
1287 715 1405 802 quidni

334 827 432 890 etiam
456 827 675 912 διακαρτερεῖν
698 824 937 906 significatione
965 824 1048 907 „fur‚
1065 845 1138 886 zum
1157 822 1300 886 Vorteil“
1328 845 1402 886 cum

333 935 377 1006 εἰς
401 932 443 998 ab
468 943 597 996 oratore
622 931 808 1015 copulatum
834 931 935 994 fuisse
959 931 1160 996 statuamus!

421 1038 521 1104 Haud
554 1061 647 1102 secus
680 1047 775 1123 atque
808 1037 884 1122 hoc,
919 1061 1015 1124 quem
1048 1037 1143 1102 modo
1178 1037 1403 1120 tractavimus

333 1147 414 1231 loeo,
450 1150 482 1210 ἐν
516 1157 743 1232 exspectamus
776 1169 833 1232 pro
868 1149 909 1217 εἰς
944 1146 1040 1210 etiam
1065 1145 1085 1230 ᾗ
1109 1144 1169 1210 55:
1194 1143 1403 1232 ἀπεδήμησεν

332 1257 386 1326 εἰς
409 1251 524 1320 Ῥόδον.
576 1252 633 1316 sed
663 1252 752 1316 haud
782 1253 827 1316 ita
858 1275 933 1318 rara
957 1252 1060 1317 verba
1083 1254 1261 1340 ἀποδημεῖν
1285 1262 1316 1314 et
1340 1254 1403 1314 ἐπι-

332 1364 445 1450 δημεῖν
468 1363 545 1446 (nec
562 1361 668 1424 minus
685 1366 839 1448 παρεῖναι,
856 1361 1111 1448 παραγίγνεσθαι
1128 1359 1192 1424 alia
1231 1360 1271 1426 ct.
1297 1358 1404 1422 Krue·

333 1490 393 1552 ger
417 1467 458 1532 ad
494 1465 647 1551 Xenoph.
672 1466 779 1532 Anab.
804 1468 831 1550 1,
856 1469 887 1552 2,
914 1469 973 1554 2.),
998 1468 1058 1532 etsi
1083 1466 1216 1552 proprie
1239 1472 1404 1550 ponuntur

333 1574 373 1638 de
398 1575 454 1658 eis,
480 1573 536 1660 qui
560 1583 801 1638 commorantur
825 1573 947 1638 alicubi
970 1573 1076 1660 (velut
1096 1574 1207 1636 Leocr.
1233 1579 1253 1654 ξ
1273 1573 1313 1634 14
1337 1579 1404 1643 τοῖς

333 1684 541 1770 ἐπιδημοῦσιν
566 1683 637 1759 ἐκεῖ,
669 1679 823 1744 Aeschin.
848 1680 911 1764 III,
939 1679 1000 1744 128
1025 1682 1257 1770 ἐπιδημοῦντος
1282 1682 1315 1742 ἐν
1339 1681 1403 1743 Μα-

333 1790 462 1877 κεδονίᾳ
486 1789 665 1876 Φιλίππου),1
690 1797 799 1852 tamen
817 1810 889 1851 cum
907 1787 1205 1874 praepositionibus
1222 1785 1405 1851 adverbiis-

333 1918 395 1982 que
429 1896 520 1983 (loci)
553 1895 765 1980 copulantur,
801 1917 885 1982 quae
918 1895 961 1958 ad
995 1904 1117 1959 motum
1151 1903 1310 1979 spectant.
1359 1893 1401 1959 cf.

333 2001 486 2068 Aeschin.
511 2002 572 2080 ΙΙΙ,
607 2001 671 2067 258
697 2003 940 2092 ἐπιδημήσαντα
970 2003 1012 2074 εἰς
1037 2004 1096 2089 τὴν
1132 2003 1231 2066 πόλιν.
1267 2001 1312 2086 II,
1341 2001 1404 2066 154

331 2113 434 2198 (omn.
459 2109 554 2175 codd.
581 2119 713 2195 praeter
737 2111 789 2194 B.)
824 2113 1088 2198 ἐπιδημῶν...ει’ς
1112 2112 1171 2197 τὴν
1194 2112 1294 2175 πόλιν.
1321 2109 1402 2191 (Ps.)

330 2217 499 2282 Demosth.
517 2217 607 2301 LIX,
633 2219 673 2282 37
693 2219 1121 2306 ἐπιδημήσαντα..,τοοτονι“
1139 2221 1181 2289 εἰς
1205 2220 1244 2281 τὰ
1261 2217 1402 2326 Μέγηοα.

332 2325 511 2411 [Aristoph.
537 2325 618 2390 Rau.
644 2349 674 2388 v.
699 2326 752 2388 48.
777 2325 914 2393 Lucian.
936 2325 1069 2390 Toxiar.
1096 2348 1122 2391 c.
1148 2326 1223 2409 2I.].

421 2432 450 2495 A
483 2430 579 2497 locali
612 2432 674 2496 hac
707 2431 838 2496 notione
873 2453 975 2518 prope
1010 2431 1104 2496 abest
1127 2432 1215 2496 notio
1238 2429 1323 2513 finis,
1358 2430 1400 2494 ad

331 2561 426 2625 quem
461 2539 566 2602 tendit
601 2538 729 2625 aliquis.
777 2539 862 2624 quod
897 2539 1029 2603 dicendi
1065 2561 1169 2622 genus
1203 2559 1401 2625 quamquam

336 2646 490 2711 latissime
507 2655 607 2731 patet,
631 2655 739 2710 tamen
756 2646 862 2712 rarius
880 2645 1077 2732 praepositio
1095 2649 1149 2718 εἰς
1166 2645 1267 2710 verbo
1285 2667 1402 2709 carens

336 2753 541 2818 substantiva
565 2754 751 2838 coniungit,
780 2754 870 2818 velut
902 2757 1004 2838 §7st
1047 2756 1119 2826 τοὺς
1144 2757 1202 2826 εἰς
1235 2755 1292 2840 την
1318 2757 1400 2818 ἐλεο-

338 2863 453 2949 θερίαν
469 2862 574 2949 ὅρους.
593 2902 636 2910 -
653 2861 794 2947 pertinet
810 2861 873 2926 huc
890 2863 987 2928 etiam
1004 2869 1024 2946 ξ
1043 2863 1105 2926 129
1130 2865 1164 2926 εἰ
1170 2886 1184 2934 ς
1207 2865 1286 2926 αὐτὸ
1304 2865 1401 2925 τοῦτο

334 2970 393 3056 τὴν
411 2969 567 3056 τιμωρίαν
592 2969 743 3050 τάξαντες
772 2969 793 3035 i.
819 2992 846 3034 e.
881 2968 924 3034 ‘in
947 2970 1018 3056 ipsa
1041 2969 1103 3034 hac
1127 2991 1163 3034 re
1186 2992 1323 3056 poenam
1347 2991 1396 3054 po·

332 3079 455 3138 nentes²
478 3097 503 3139 s.
527 3073 581 3139 ‘ad
605 3074 685 3138 illud
709 3077 816 3160 ipsum
832 3097 969 3162 poenam
986 3079 1186 3158 statuentes‚'
1208 3075 1295 3160 qued
1318 3075 1400 3138 Reh-

333 3181 431 3245 dantz
464 3182 652 3265 germanice
681 3181 791 3246 reddit
823 3181 964 3268 „darauf
983 3183 1041 3248 mit
1070 3182 1157 3246 ihrer
1181 3181 1401 3248 Stratbestirn-

334 3310 436 3373 mung
459 3287 598 3372 aielend‚
625 3287 746 3353 darauf
765 3288 835 3352 ihre
859 3288 923 3354 Str.
948 3288 1130 3354 richtend.“
1157 3289 1199 3354 cf.
1216 3288 1300 3354 Lutz
1328 3287 1402 3369 „die

331 3394 582 3480 Prttpositionen
605 3393 659 3458 bei
684 3394 714 3458 d.
741 3395 867 3460 attisch.
886 3396 1059 3460 Redueru“
1087 3394 1168 3459 bair.
1187 3393 1401 3478 Schulprogr.

333 3501 429 3583 1887,
445 3501 488 3566 II.
508 3540 548 3552 -
567 3523 629 3588 quo
654 3500 696 3565 ab
721 3501 871 3586 exemplo
896 3501 1050 3566 differunt
1066 3524 1127 3565 nec
1144 3509 1252 3566 tamen
1268 3522 1402 3583 prorsus

331 3605 501 3671 dissimilia
525 3616 600 3672 suut
617 3609 786 3672 Demosth.
811 3609 924 3689 XXII,
950 3610 992 3674 55
1017 3611 1059 3680 εἰς
1085 3609 1282 3695 τὰσώματα
1305 3613 1394 3672 ποιεῖλ

330 3716 409 3778 σθαι
446 3701 700 3803 τὰς’τιμιορὶας,
736 3715 890 3782 Aeschin.
914 3716 958 3800 II,
997 3717 1059 3780 139
1095 3718 1134 3779 τὰ
1170 3717 1211 3786 εἷς
1245 3725 1282 3779 τὸ
1307 3720 1402 3801 σῶμα

333 3822 503 3910 τιμήματα.

419 3928 573 4014 Sequitur
597 3935 617 4012 ξ
642 3929 683 3994 67
708 3939 747 3994 οδ
772 3932 868 3994 τοῦτο
894 3934 1066 4013 λογιεῖσθε,
1091 3933 1120 3994 εἰ
1142 3933 1184 4002 εἷς
1209 3931 1278 3995 ἐστι’
1300 3931 1400 4016 μόνος

330 4035 347 4098 ὁ
372 4037 561 4122 ἄνθρωπος,
594 4036 659 4101 ἀλλ’
683 4038 737 4108 εἰς
762 4039 798 4101 τὸ
823 4043 963 4126 πρᾶγμα,
994 4038 1051 4102 ubi
1076 4037 1239 4102 excidisse
1263 4037 1401 4123 aliquid,

330 4139 420 4204 velut
436 4142 642 4227 δποβλέπετε,
667 4141 719 4204 vel
736 4151 842 4206 mente
857 4144 1074 4230 supplendum
1099 4165 1169 4207 esse
1187 4143 1318 4207 fuerunt
1342 4144 1400 4229 qui

330 4247 551 4332 opInarentur.
576 4249 633 4312 sed
649 4249 737 4341 haud
754 4249 822 4313 scio
846 4273 887 4315 au
913 4251 1016 4318 verba
1032 4253 1074 4323 εἰς
1092 4254 1128 4316 τὸ
1146 4256 1276 4339 πρᾶγμα
1292 4250 1401 4336 aptius

328 4353 512 4418 referantur
536 4355 578 4418 ad
602 4355 789 4440 praegressi
813 4357 973 4421 enuntiati
989 4356 1219 4444 imperativum
1237 4360 1402 4439 λογιεῖσθε
