<?xml version="1.0" encoding="UTF-8"?>
<!DOCTYPE html PUBLIC "-//W3C//DTD XHTML 1.0 Transitional//EN"
    "http://www.w3.org/TR/xhtml1/DTD/xhtml1-transitional.dtd">
<html xmlns="http://www.w3.org/1999/xhtml" xml:lang="en" lang="en">
 <head>
  <title>
</title>
<meta http-equiv="Content-Type" content="text/html;charset=utf-8" />
  <meta name='ocr-system' content='tesseract 3.04.00' />
  <meta name='ocr-capabilities' content='ocr_page ocr_carea ocr_par ocr_line ocrx_word'/>
</head>
<body>
  <div class='ocr_page' id='page_1' title='image "./observationesin00mayegoog_0056.png"; bbox 0 0 3120 4930; ppageno 0'>
   <div class='ocr_carea' id='block_1_1' title="bbox 622 505 842 588">
    <p class='ocr_par' dir='ltr' id='par_1_1' title="bbox 622 505 842 588">
     <span class='ocr_line' id='line_1_1' title="bbox 622 505 842 588; baseline 0 -14"><span class='ocrx_word' id='word_1_1' title='bbox 622 505 842 588; x_wconf 61' lang='lat'>„51-</span> 
     </span>
    </p>
   </div>
   <div class='ocr_carea' id='block_1_2' title="bbox 187 713 1274 1346">
    <p class='ocr_par' dir='ltr' id='par_1_2' title="bbox 187 713 1274 1346">
     <span class='ocr_line' id='line_1_2' title="bbox 190 713 1261 804; baseline 0 -22"><span class='ocrx_word' id='word_1_2' title='bbox 190 741 252 784; x_wconf 78' lang='lat' dir='ltr'>oo:</span> <span class='ocrx_word' id='word_1_3' title='bbox 276 717 455 800; x_wconf 77' lang='lat' dir='ltr'>immerit03</span> <span class='ocrx_word' id='word_1_4' title='bbox 479 739 668 804; x_wconf 84' lang='lat' dir='ltr'>perversum</span> <span class='ocrx_word' id='word_1_5' title='bbox 695 719 791 802; x_wconf 82' lang='lat' dir='ltr'>enim,</span> <span class='ocrx_word' id='word_1_6' title='bbox 816 718 903 804; x_wconf 90' lang='lat' dir='ltr'>quod</span> <span class='ocrx_word' id='word_1_7' title='bbox 928 718 970 783; x_wconf 91' lang='lat' dir='ltr'>ad</span> <span class='ocrx_word' id='word_1_8' title='bbox 987 718 1141 804; x_wconf 87' lang='lat' dir='ltr'>temporis</span> <span class='ocrx_word' id='word_1_9' title='bbox 1165 713 1261 782; x_wconf 89' lang='lat' dir='ltr'>ratio-</span> 
     </span>
     <span class='ocr_line' id='line_1_3' title="bbox 189 823 1261 914; baseline 0.001 -26"><span class='ocrx_word' id='word_1_10' title='bbox 189 847 265 888; x_wconf 91' lang='lat' dir='ltr'>nem</span> <span class='ocrx_word' id='word_1_11' title='bbox 290 823 575 903; x_wconf 39' lang='lat' dir='ltr'>attinetgseoundi</span> <span class='ocrx_word' id='word_1_12' title='bbox 598 833 629 888; x_wconf 91' lang='lat' dir='ltr'>et</span> <span class='ocrx_word' id='word_1_13' title='bbox 653 825 740 890; x_wconf 88' lang='lat' dir='ltr'>tertii</span> <span class='ocrx_word' id='word_1_14' title='bbox 763 825 902 889; x_wconf 83' lang='lat' dir='ltr'><strong>membri</strong></span> <span class='ocrx_word' id='word_1_15' title='bbox 918 823 1066 889; x_wconf 81' lang='lat' dir='ltr'>ordinem</span> <span class='ocrx_word' id='word_1_16' title='bbox 1083 825 1261 914; x_wconf 84' lang='lat' dir='ltr'>Lyeurgus</span> 
     </span>
     <span class='ocr_line' id='line_1_4' title="bbox 188 928 1274 1022; baseline 0 -26"><span class='ocrx_word' id='word_1_17' title='bbox 188 932 286 1020; x_wconf 84' lang='lat' dir='ltr'><strong>quasi</strong></span> <span class='ocrx_word' id='word_1_18' title='bbox 311 932 447 1016; x_wconf 81' lang='lat' dir='ltr'>corrigit</span> <span class='ocrx_word' id='word_1_19' title='bbox 470 933 589 997; x_wconf 88' lang='lat' dir='ltr'>aoristo</span> <span class='ocrx_word' id='word_1_20' title='bbox 619 935 807 1022; x_wconf 78' lang='grc' dir='ltr'><em>παραδοῦσα</em></span> <span class='ocrx_word' id='word_1_21' title='bbox 837 928 987 996; x_wconf 87' lang='lat' dir='ltr'>indicans</span> <span class='ocrx_word' id='word_1_22' title='bbox 1019 933 1274 998; x_wconf 56' lang='lat' dir='ltr'>accusationem*</span> 
     </span>
     <span class='ocr_line' id='line_1_5' title="bbox 190 1040 1261 1130; baseline -0.001 -25"><span class='ocrx_word' id='word_1_23' title='bbox 190 1040 317 1129; x_wconf 74' lang='grc' dir='ltr'>(κρίσις)</span> <span class='ocrx_word' id='word_1_24' title='bbox 341 1041 460 1106; x_wconf 85' lang='lat' dir='ltr'>iudicio</span> <span class='ocrx_word' id='word_1_25' title='bbox 484 1044 616 1130; x_wconf 62' lang='grc' dir='ltr'>(ψῆφος)</span> <span class='ocrx_word' id='word_1_26' title='bbox 642 1041 850 1126; x_wconf 88' lang='lat' dir='ltr'>praeoedere.</span> <span class='ocrx_word' id='word_1_27' title='bbox 898 1049 1044 1106; x_wconf 88' lang='lat' dir='ltr'>ceterum</span> <span class='ocrx_word' id='word_1_28' title='bbox 1061 1049 1186 1105; x_wconf 88' lang='lat' dir='ltr'>rectum</span> <span class='ocrx_word' id='word_1_29' title='bbox 1206 1041 1261 1104; x_wconf 94' lang='lat' dir='ltr'>ob-</span> 
     </span>
     <span class='ocr_line' id='line_1_6' title="bbox 187 1147 1260 1240; baseline 0.003 -29"><span class='ocrx_word' id='word_1_30' title='bbox 187 1159 302 1213; x_wconf 86' lang='lat' dir='ltr'>servat</span> <span class='ocrx_word' id='word_1_31' title='bbox 325 1147 473 1213; x_wconf 85' lang='lat' dir='ltr'>ordinem</span> <span class='ocrx_word' id='word_1_32' title='bbox 495 1149 603 1234; x_wconf 84' lang='lat' dir='ltr'>ineis,</span> <span class='ocrx_word' id='word_1_33' title='bbox 629 1171 713 1235; x_wconf 89' lang='lat' dir='ltr'>quae</span> <span class='ocrx_word' id='word_1_34' title='bbox 736 1159 910 1216; x_wconf 85' lang='lat' dir='ltr'>secuntur:</span> <span class='ocrx_word' id='word_1_35' title='bbox 934 1151 951 1213; x_wconf 86' lang='grc' dir='ltr'><strong>ὁ</strong></span> <span class='ocrx_word' id='word_1_36' title='bbox 971 1154 1129 1240; x_wconf 42' lang='grc' dir='ltr'><em>νόμος-η</em></span> <span class='ocrx_word' id='word_1_37' title='bbox 1154 1149 1260 1214; x_wconf 85' lang='grc' dir='ltr'><em>ὁκοτ-</em></span> 
     </span>
     <span class='ocr_line' id='line_1_7' title="bbox 191 1256 649 1346; baseline 0 -26"><span class='ocrx_word' id='word_1_38' title='bbox 191 1256 372 1346; x_wconf 53' lang='lat' dir='ltr'>propos-3</span> <span class='ocrx_word' id='word_1_39' title='bbox 397 1257 413 1319; x_wconf 88' lang='grc' dir='ltr'><strong>ὁ</strong></span> <span class='ocrx_word' id='word_1_40' title='bbox 439 1256 649 1346; x_wconf 69' lang='grc' dir='ltr'><em>δικαστής-·</em></span> 
     </span>
    </p>
   </div>
   <div class='ocr_carea' id='block_1_3' title="bbox 596 1434 860 1491">
    <p class='ocr_par' dir='ltr' id='par_1_3' title="bbox 596 1434 860 1491">
     <span class='ocr_line' id='line_1_8' title="bbox 596 1434 860 1491; baseline -0.011 -2"><span class='ocrx_word' id='word_1_41' title='bbox 596 1434 632 1490; x_wconf 81' lang='grc' dir='ltr'>Ε.</span> <span class='ocrx_word' id='word_1_42' title='bbox 651 1434 695 1490; x_wconf 87' lang='lat' dir='ltr'>Be</span> <span class='ocrx_word' id='word_1_43' title='bbox 713 1434 860 1491; x_wconf 75' lang='lat' dir='ltr'>Perfecto.</span> 
     </span>
    </p>
   </div>
   <div class='ocr_carea' id='block_1_4' title="bbox 188 1551 1262 2184">
    <p class='ocr_par' dir='ltr' id='par_1_4' title="bbox 188 1551 1262 2184">
     <span class='ocr_line' id='line_1_9' title="bbox 262 1551 1261 1650; baseline 0.001 -26"><span class='ocrx_word' id='word_1_44' title='bbox 262 1551 301 1641; x_wconf 65' lang='grc' dir='ltr'>’ξ</span> <span class='ocrx_word' id='word_1_45' title='bbox 327 1557 368 1624; x_wconf 74' lang='grc'>76</span> <span class='ocrx_word' id='word_1_46' title='bbox 392 1563 420 1624; x_wconf 83' lang='grc' dir='ltr'>εἰ</span> <span class='ocrx_word' id='word_1_47' title='bbox 441 1562 500 1646; x_wconf 85' lang='grc' dir='ltr'>μὲν</span> <span class='ocrx_word' id='word_1_48' title='bbox 531 1560 677 1646; x_wconf 86' lang='grc' dir='ltr'><em>ὀμώκοκε</em></span> <span class='ocrx_word' id='word_1_49' title='bbox 707 1560 906 1648; x_wconf 69' lang='grc' dir='ltr'><em>Λεωκράτης,</em></span> <span class='ocrx_word' id='word_1_50' title='bbox 937 1565 1082 1646; x_wconf 75' lang='grc' dir='ltr'><em>φανερῶς</em></span> <span class='ocrx_word' id='word_1_51' title='bbox 1107 1560 1261 1650; x_wconf 73' lang='grc' dir='ltr'><em>ἐπιώρκη-</em></span> 
     </span>
     <span class='ocr_line' id='line_1_10' title="bbox 191 1667 1261 1755; baseline 0 -25"><span class='ocrx_word' id='word_1_52' title='bbox 191 1690 226 1730; x_wconf 89' lang='grc' dir='ltr'>κε</span> <span class='ocrx_word' id='word_1_53' title='bbox 236 1717 321 1744; x_wconf 85' lang='grc'>......</span> <span class='ocrx_word' id='word_1_54' title='bbox 352 1669 379 1730; x_wconf 77' lang='grc' dir='ltr'>εἰ</span> <span class='ocrx_word' id='word_1_55' title='bbox 410 1668 445 1732; x_wconf 80' lang='grc' dir='ltr'>δὲ</span> <span class='ocrx_word' id='word_1_56' title='bbox 477 1668 521 1753; x_wconf 78' lang='grc' dir='ltr'>μὴ</span> <span class='ocrx_word' id='word_1_57' title='bbox 553 1667 732 1753; x_wconf 76' lang='grc' dir='ltr'><em>ὀμώμοκεν,</em></span> <span class='ocrx_word' id='word_1_58' title='bbox 764 1669 860 1738; x_wconf 70' lang='grc' dir='ltr'><em>εὐθὺς</em></span> <span class='ocrx_word' id='word_1_59' title='bbox 899 1668 994 1754; x_wconf 74' lang='grc' dir='ltr'><em>δῆλὸς</em></span> <span class='ocrx_word' id='word_1_60' title='bbox 1034 1670 1102 1732; x_wconf 77' lang='grc' dir='ltr'>ἐστι</span> <span class='ocrx_word' id='word_1_61' title='bbox 1139 1690 1261 1755; x_wconf 88' lang='grc' dir='ltr'><em>παρα-</em></span> 
     </span>
     <span class='ocr_line' id='line_1_11' title="bbox 190 1772 1262 1860; baseline 0 -21"><span class='ocrx_word' id='word_1_62' title='bbox 190 1773 496 1860; x_wconf 83' lang='grc' dir='ltr'><em>σκευασάμενος</em></span> <span class='ocrx_word' id='word_1_63' title='bbox 519 1777 584 1837; x_wconf 78' lang='grc' dir='ltr'><em>κτλ.</em></span> <span class='ocrx_word' id='word_1_64' title='bbox 610 1773 765 1860; x_wconf 79' lang='lat' dir='ltr'>scribitur</span> <span class='ocrx_word' id='word_1_65' title='bbox 781 1773 815 1836; x_wconf 95' lang='lat' dir='ltr'>in</span> <span class='ocrx_word' id='word_1_66' title='bbox 839 1772 953 1837; x_wconf 88' lang='lat' dir='ltr'>codice</span> <span class='ocrx_word' id='word_1_67' title='bbox 967 1773 1162 1858; x_wconf 83' lang='lat' dir='ltr'>Orippsiano</span> <span class='ocrx_word' id='word_1_68' title='bbox 1177 1777 1262 1839; x_wconf 82' lang='lat' dir='ltr'>A.-</span> 
     </span>
     <span class='ocr_line' id='line_1_12' title="bbox 188 1880 1262 1968; baseline -0.002 -22"><span class='ocrx_word' id='word_1_69' title='bbox 188 1881 592 1968; x_wconf 80' lang='grc' dir='ltr'><em>παρασκεοασμένος,</em></span> <span class='ocrx_word' id='word_1_70' title='bbox 616 1903 714 1968; x_wconf 90' lang='lat' dir='ltr'>quam</span> <span class='ocrx_word' id='word_1_71' title='bbox 729 1881 867 1946; x_wconf 85' lang='lat' dir='ltr'>formam</span> <span class='ocrx_word' id='word_1_72' title='bbox 891 1880 984 1944; x_wconf 91' lang='lat' dir='ltr'>nihili</span> <span class='ocrx_word' id='word_1_73' title='bbox 1009 1903 1079 1946; x_wconf 88' lang='lat' dir='ltr'>esse</span> <span class='ocrx_word' id='word_1_74' title='bbox 1103 1881 1176 1947; x_wconf 91' lang='lat' dir='ltr'>luce</span> <span class='ocrx_word' id='word_1_75' title='bbox 1198 1880 1262 1945; x_wconf 88' lang='lat' dir='ltr'>cla-</span> 
     </span>
     <span class='ocr_line' id='line_1_13' title="bbox 190 1987 1262 2074; baseline 0 -22"><span class='ocrx_word' id='word_1_76' title='bbox 190 1988 260 2052; x_wconf 90' lang='lat' dir='ltr'>rius</span> <span class='ocrx_word' id='word_1_77' title='bbox 284 1995 342 2064; x_wconf 91' lang='lat' dir='ltr'>est,</span> <span class='ocrx_word' id='word_1_78' title='bbox 366 1988 401 2052; x_wconf 91' lang='lat' dir='ltr'>in</span> <span class='ocrx_word' id='word_1_79' title='bbox 424 1987 646 2054; x_wconf 80' lang='lat' dir='ltr'>Laurentiano</span> <span class='ocrx_word' id='word_1_80' title='bbox 673 1987 741 2074; x_wconf 86' lang='lat' dir='ltr'>(B),</span> <span class='ocrx_word' id='word_1_81' title='bbox 765 1988 934 2053; x_wconf 88' lang='lat' dir='ltr'>Marciano</span> <span class='ocrx_word' id='word_1_82' title='bbox 951 1987 1018 2072; x_wconf 83' lang='lat' dir='ltr'>(L),</span> <span class='ocrx_word' id='word_1_83' title='bbox 1043 1987 1262 2054; x_wconf 80' lang='lat' dir='ltr'>Ambrosiano</span> 
     </span>
     <span class='ocr_line' id='line_1_14' title="bbox 190 2095 1262 2184; baseline 0.002 -26"><span class='ocrx_word' id='word_1_84' title='bbox 190 2095 260 2184; x_wconf 85' lang='lat' dir='ltr'>(P),</span> <span class='ocrx_word' id='word_1_85' title='bbox 284 2097 662 2183; x_wconf 82' lang='grc' dir='ltr'><em>παρεσκευασμένος</em></span> <span class='ocrx_word' id='word_1_86' title='bbox 694 2095 727 2158; x_wconf 93' lang='lat' dir='ltr'>in</span> <span class='ocrx_word' id='word_1_87' title='bbox 755 2095 880 2160; x_wconf 86' lang='lat' dir='ltr'>ceteris.</span> <span class='ocrx_word' id='word_1_88' title='bbox 937 2095 1078 2160; x_wconf 84' lang='lat' dir='ltr'>editores</span> <span class='ocrx_word' id='word_1_89' title='bbox 1111 2095 1167 2160; x_wconf 88' lang='lat' dir='ltr'>alii</span> <span class='ocrx_word' id='word_1_90' title='bbox 1191 2117 1262 2180; x_wconf 94' lang='lat' dir='ltr'>per-</span> 
     </span>
    </p>
   </div>
   <div class='ocr_carea' id='block_1_5' title="bbox 191 2201 1357 2288">
    <p class='ocr_par' dir='ltr' id='par_1_5' title="bbox 191 2201 1357 2288">
     <span class='ocr_line' id='line_1_15' title="bbox 191 2201 1357 2288; baseline 0 -22"><span class='ocrx_word' id='word_1_91' title='bbox 191 2201 282 2285; x_wconf 87' lang='lat' dir='ltr'>fecti,</span> <span class='ocrx_word' id='word_1_92' title='bbox 307 2201 364 2266; x_wconf 91' lang='lat' dir='ltr'>alii</span> <span class='ocrx_word' id='word_1_93' title='bbox 388 2203 501 2266; x_wconf 88' lang='lat' dir='ltr'>aoristi</span> <span class='ocrx_word' id='word_1_94' title='bbox 524 2202 742 2287; x_wconf 76' lang='lat' dir='ltr'>patrocinium</span> <span class='ocrx_word' id='word_1_95' title='bbox 766 2211 988 2288; x_wconf 90' lang='lat' dir='ltr'>susceperunt.</span> <span class='ocrx_word' id='word_1_96' title='bbox 1036 2225 1097 2287; x_wconf 88' lang='lat' dir='ltr'>ego</span> <span class='ocrx_word' id='word_1_97' title='bbox 1117 2202 1262 2288; x_wconf 55' lang='lat' dir='ltr'>,quidem</span> <span class='ocrx_word' id='word_1_98' title='bbox 1335 2233 1357 2262; x_wconf 59' lang='grc' dir='ltr'><em>ν</em></span> 
     </span>
    </p>
   </div>
   <div class='ocr_carea' id='block_1_6' title="bbox 191 2307 1262 2504">
    <p class='ocr_par' dir='ltr' id='par_1_6' title="bbox 191 2307 1262 2504">
     <span class='ocr_line' id='line_1_16' title="bbox 191 2307 1261 2397; baseline 0.001 -26"><span class='ocrx_word' id='word_1_99' title='bbox 191 2307 304 2372; x_wconf 88' lang='lat' dir='ltr'>malim</span> <span class='ocrx_word' id='word_1_100' title='bbox 328 2312 636 2397; x_wconf 78' lang='grc' dir='ltr'><em>παρεσκευασμένος,</em></span> <span class='ocrx_word' id='word_1_101' title='bbox 662 2309 738 2396; x_wconf 89' lang='lat' dir='ltr'>quia</span> <span class='ocrx_word' id='word_1_102' title='bbox 762 2309 824 2374; x_wconf 91' lang='lat' dir='ltr'>hoc</span> <span class='ocrx_word' id='word_1_103' title='bbox 848 2308 1040 2397; x_wconf 84' lang='lat' dir='ltr'>Lycurgum</span> <span class='ocrx_word' id='word_1_104' title='bbox 1072 2310 1183 2374; x_wconf 89' lang='lat' dir='ltr'>dicere</span> <span class='ocrx_word' id='word_1_105' title='bbox 1206 2331 1261 2372; x_wconf 92' lang='lat' dir='ltr'>vo-</span> 
     </span>
     <span class='ocr_line' id='line_1_17' title="bbox 192 2415 1262 2504; baseline 0 -25"><span class='ocrx_word' id='word_1_106' title='bbox 192 2415 293 2479; x_wconf 87' lang='lat' dir='ltr'>luisse</span> <span class='ocrx_word' id='word_1_107' title='bbox 316 2417 482 2502; x_wconf 86' lang='lat' dir='ltr'>suspicor:</span> <span class='ocrx_word' id='word_1_108' title='bbox 506 2415 710 2502; x_wconf 76' lang='lat' dir='ltr'>‘simulatque</span> <span class='ocrx_word' id='word_1_109' title='bbox 733 2439 798 2480; x_wconf 92' lang='lat' dir='ltr'>non</span> <span class='ocrx_word' id='word_1_110' title='bbox 822 2416 946 2480; x_wconf 87' lang='lat' dir='ltr'>iurasse</span> <span class='ocrx_word' id='word_1_111' title='bbox 970 2416 1160 2504; x_wconf 85' lang='lat' dir='ltr'>Lycurgum</span> <span class='ocrx_word' id='word_1_112' title='bbox 1189 2438 1262 2480; x_wconf 91' lang='lat' dir='ltr'>con-</span> 
     </span>
    </p>
   </div>
   <div class='ocr_carea' id='block_1_7' title="bbox 189 2514 1323 3038">
    <p class='ocr_par' dir='ltr' id='par_1_7' title="bbox 189 2514 1323 3038">
     <span class='ocr_line' id='line_1_18' title="bbox 191 2514 1262 2609; baseline -0.001 -23"><span class='ocrx_word' id='word_1_113' title='bbox 191 2530 273 2600; x_wconf 83' lang='lat' dir='ltr'>stat,</span> <span class='ocrx_word' id='word_1_114' title='bbox 308 2525 417 2587; x_wconf 87' lang='lat' dir='ltr'>statim</span> <span class='ocrx_word' id='word_1_115' title='bbox 450 2531 584 2608; x_wconf 86' lang='lat' dir='ltr'>paratus</span> <span class='ocrx_word' id='word_1_116' title='bbox 608 2523 674 2588; x_wconf 93' lang='lat' dir='ltr'>iam</span> <span class='ocrx_word' id='word_1_117' title='bbox 698 2523 754 2587; x_wconf 90' lang='lat' dir='ltr'>diu</span> <span class='ocrx_word' id='word_1_118' title='bbox 778 2544 848 2587; x_wconf 87' lang='lat' dir='ltr'>esse</span> <span class='ocrx_word' id='word_1_119' title='bbox 863 2523 1084 2609; x_wconf 86' lang='lat' dir='ltr'>....apparet&#39;.</span> <span class='ocrx_word' id='word_1_120' title='bbox 1123 2514 1262 2607; x_wconf 82' lang='lat' dir='ltr'>aceedit,</span> 
     </span>
     <span class='ocr_line' id='line_1_19' title="bbox 192 2627 1265 2718; baseline 0 -25"><span class='ocrx_word' id='word_1_121' title='bbox 192 2628 281 2715; x_wconf 90' lang='lat' dir='ltr'>quod</span> <span class='ocrx_word' id='word_1_122' title='bbox 305 2627 449 2714; x_wconf 80' lang='lat' dir='ltr'>‘paratus</span> <span class='ocrx_word' id='word_1_123' title='bbox 466 2649 535 2694; x_wconf 87' lang='lat' dir='ltr'>esse</span> <span class='ocrx_word' id='word_1_124' title='bbox 554 2638 701 2715; x_wconf 81' lang='lat' dir='ltr'>apparet’</span> <span class='ocrx_word' id='word_1_125' title='bbox 728 2631 836 2718; x_wconf 74' lang='grc' dir='ltr'><em>(δῆλός</em></span> <span class='ocrx_word' id='word_1_126' title='bbox 861 2633 929 2695; x_wconf 78' lang='grc' dir='ltr'>ἐστι</span> <span class='ocrx_word' id='word_1_127' title='bbox 953 2630 1265 2718; x_wconf 78' lang='grc' dir='ltr'><em>παρεσκευασμένος)</em></span> 
     </span>
     <span class='ocr_line' id='line_1_20' title="bbox 189 2734 1263 2823; baseline -0.001 -23"><span class='ocrx_word' id='word_1_128' title='bbox 189 2734 371 2820; x_wconf 85' lang='lat' dir='ltr'>respondet</span> <span class='ocrx_word' id='word_1_129' title='bbox 387 2735 508 2820; x_wconf 79' lang='lat' dir='ltr'>verbis,</span> <span class='ocrx_word' id='word_1_130' title='bbox 534 2758 618 2823; x_wconf 89' lang='lat' dir='ltr'>quae</span> <span class='ocrx_word' id='word_1_131' title='bbox 642 2745 718 2801; x_wconf 85' lang='lat' dir='ltr'>ante</span> <span class='ocrx_word' id='word_1_132' title='bbox 744 2736 829 2801; x_wconf 84' lang='lat' dir='ltr'>dixit</span> <span class='ocrx_word' id='word_1_133' title='bbox 844 2737 1004 2822; x_wconf 80' lang='lat' dir='ltr'>‘periurus</span> <span class='ocrx_word' id='word_1_134' title='bbox 1029 2759 1099 2801; x_wconf 88' lang='lat' dir='ltr'>esse</span> <span class='ocrx_word' id='word_1_135' title='bbox 1115 2737 1263 2822; x_wconf 85' lang='lat' dir='ltr'>apparet&#39;</span> 
     </span>
     <span class='ocr_line' id='line_1_21' title="bbox 191 2836 1323 2933; baseline -0.001 -27"><span class='ocrx_word' id='word_1_136' title='bbox 191 2844 353 2930; x_wconf 79' lang='grc' dir='ltr'>(φανερῶς</span> <span class='ocrx_word' id='word_1_137' title='bbox 371 2843 557 2933; x_wconf 76' lang='grc' dir='ltr'><em>ἐπιώρκηκε,</em></span> <span class='ocrx_word' id='word_1_138' title='bbox 582 2843 669 2930; x_wconf 91' lang='lat' dir='ltr'>quod</span> <span class='ocrx_word' id='word_1_139' title='bbox 686 2839 773 2908; x_wconf 83' lang='lat' dir='ltr'>idem</span> <span class='ocrx_word' id='word_1_140' title='bbox 798 2851 845 2907; x_wconf 91' lang='lat' dir='ltr'>est</span> <span class='ocrx_word' id='word_1_141' title='bbox 861 2866 900 2908; x_wconf 90' lang='lat' dir='ltr'>ac</span> <span class='ocrx_word' id='word_1_142' title='bbox 921 2845 1015 2931; x_wconf 77' lang='grc' dir='ltr'><em>δῆλός</em></span> <span class='ocrx_word' id='word_1_143' title='bbox 1039 2847 1126 2908; x_wconf 76' lang='grc' dir='ltr'><em>ἐστιν</em></span> <span class='ocrx_word' id='word_1_144' title='bbox 1153 2846 1264 2932; x_wconf 58' lang='lat' dir='ltr'>eucop-</span> <span class='ocrx_word' id='word_1_145' title='bbox 1320 2836 1323 2842; x_wconf 75' lang='grc'><strong>’</strong></span> 
     </span>
     <span class='ocr_line' id='line_1_22' title="bbox 192 2950 318 3038; baseline 0.016 -24"><span class='ocrx_word' id='word_1_146' title='bbox 192 2950 318 3038; x_wconf 76' lang='grc' dir='ltr'><em>κηκώς).</em></span> 
     </span>
    </p>
   </div>
   <div class='ocr_carea' id='block_1_8' title="bbox 497 3069 958 3146">
    <p class='ocr_par' dir='ltr' id='par_1_8' title="bbox 497 3069 958 3146">
     <span class='ocr_line' id='line_1_23' title="bbox 497 3069 958 3146; baseline 0 -16"><span class='ocrx_word' id='word_1_147' title='bbox 497 3076 529 3130; x_wconf 81' lang='lat' dir='ltr'>F.</span> <span class='ocrx_word' id='word_1_148' title='bbox 547 3077 591 3132; x_wconf 84' lang='lat' dir='ltr'>Bo</span> <span class='ocrx_word' id='word_1_149' title='bbox 609 3069 738 3132; x_wconf 81' lang='lat' dir='ltr'>variatis</span> <span class='ocrx_word' id='word_1_150' title='bbox 757 3076 958 3146; x_wconf 81' lang='lat' dir='ltr'>temporibus.</span> 
     </span>
    </p>
   </div>
   <div class='ocr_carea' id='block_1_9' title="bbox 180 3180 1264 4337">
    <p class='ocr_par' dir='ltr' id='par_1_9' title="bbox 190 3180 1264 3477">
     <span class='ocr_line' id='line_1_24' title="bbox 281 3180 1261 3268; baseline 0.001 -25"><span class='ocrx_word' id='word_1_151' title='bbox 281 3180 307 3243; x_wconf 94' lang='grc' dir='ltr'>Ι.</span> <span class='ocrx_word' id='word_1_152' title='bbox 354 3180 537 3246; x_wconf 81' lang='lat' dir='ltr'>Exordium</span> <span class='ocrx_word' id='word_1_153' title='bbox 553 3204 718 3247; x_wconf 86' lang='lat' dir='ltr'>sumamus</span> <span class='ocrx_word' id='word_1_154' title='bbox 742 3181 783 3248; x_wconf 90' lang='lat' dir='ltr'>ab</span> <span class='ocrx_word' id='word_1_155' title='bbox 801 3182 847 3246; x_wconf 91' lang='lat' dir='ltr'>eis</span> <span class='ocrx_word' id='word_1_156' title='bbox 864 3182 1033 3268; x_wconf 76' lang='lat' dir='ltr'>exemplis,</span> <span class='ocrx_word' id='word_1_157' title='bbox 1050 3181 1108 3246; x_wconf 95' lang='lat' dir='ltr'>ubi</span> <span class='ocrx_word' id='word_1_158' title='bbox 1131 3189 1261 3244; x_wconf 90' lang='lat' dir='ltr'>tran-s·</span> 
     </span>
     <span class='ocr_line' id='line_1_25' title="bbox 190 3285 1264 3374; baseline 0.004 -26"><span class='ocrx_word' id='word_1_159' title='bbox 190 3285 280 3348; x_wconf 88' lang='lat' dir='ltr'>itus</span> <span class='ocrx_word' id='word_1_160' title='bbox 315 3285 350 3348; x_wconf 91' lang='lat' dir='ltr'>fit</span> <span class='ocrx_word' id='word_1_161' title='bbox 385 3286 433 3351; x_wconf 88' lang='lat' dir='ltr'>ab</span> <span class='ocrx_word' id='word_1_162' title='bbox 459 3288 625 3353; x_wconf 92' lang='lat' dir='ltr'>aoristo</span> <span class='ocrx_word' id='word_1_163' title='bbox 650 3287 683 3353; x_wconf 92' lang='lat' dir='ltr'>in</span> <span class='ocrx_word' id='word_1_164' title='bbox 708 3289 1010 3374; x_wconf 89' lang='lat' dir='ltr'>imperfectum</span> <span class='ocrx_word' id='word_1_165' title='bbox 1035 3297 1091 3352; x_wconf 88' lang='lat' dir='ltr'>aut</span> <span class='ocrx_word' id='word_1_166' title='bbox 1114 3286 1166 3352; x_wconf 86' lang='lat' dir='ltr'>ab</span> <span class='ocrx_word' id='word_1_167' title='bbox 1191 3287 1264 3352; x_wconf 85' lang='lat' dir='ltr'>im-</span> 
     </span>
     <span class='ocr_line' id='line_1_26' title="bbox 191 3392 788 3477; baseline 0.012 -22"><span class='ocrx_word' id='word_1_168' title='bbox 191 3392 385 3477; x_wconf 88' lang='lat' dir='ltr'>perfecto</span> <span class='ocrx_word' id='word_1_169' title='bbox 409 3393 449 3458; x_wconf 90' lang='lat' dir='ltr'>in</span> <span class='ocrx_word' id='word_1_170' title='bbox 473 3394 690 3463; x_wconf 89' lang='lat' dir='ltr'>aoristum.</span> <span class='ocrx_word' id='word_1_171' title='bbox 787 3417 788 3420; x_wconf 72' lang='grc'>’</span> 
     </span>
    </p>

    <p class='ocr_par' dir='ltr' id='par_1_10' title="bbox 191 3501 1262 4014">
     <span class='ocr_line' id='line_1_27' title="bbox 283 3501 1259 3590; baseline 0.003 -27"><span class='ocrx_word' id='word_1_172' title='bbox 283 3505 303 3583; x_wconf 68' lang='lat'><strong>5</strong></span> <span class='ocrx_word' id='word_1_173' title='bbox 330 3501 391 3565; x_wconf 85' lang='lat'>133</span> <span class='ocrx_word' id='word_1_174' title='bbox 416 3503 548 3589; x_wconf 73' lang='grc' dir='ltr'><em>οὐδεμία</em></span> <span class='ocrx_word' id='word_1_175' title='bbox 571 3504 659 3574; x_wconf 78' lang='grc' dir='ltr'><em>πόλις</em></span> <span class='ocrx_word' id='word_1_176' title='bbox 683 3506 781 3568; x_wconf 74' lang='grc' dir='ltr'><em>αὑτὸν</em></span> <span class='ocrx_word' id='word_1_177' title='bbox 805 3504 841 3568; x_wconf 81' lang='grc' dir='ltr'>εἴ</span> <span class='ocrx_word' id='word_1_178' title='bbox 845 3527 981 3570; x_wconf 86' lang='grc' dir='ltr'><em>αοε....</em></span> <span class='ocrx_word' id='word_1_179' title='bbox 989 3510 1157 3590; x_wconf 79' lang='grc' dir='ltr'><em>μετοικεῖν,</em></span> <span class='ocrx_word' id='word_1_180' title='bbox 1181 3504 1259 3568; x_wconf 68' lang='grc' dir='ltr'>ἀλλά</span> 
     </span>
     <span class='ocr_line' id='line_1_28' title="bbox 191 3609 1261 3698; baseline 0.004 -28"><span class='ocrx_word' id='word_1_181' title='bbox 191 3609 312 3693; x_wconf 82' lang='grc' dir='ltr'><em>μᾶλλον</em></span> <span class='ocrx_word' id='word_1_182' title='bbox 343 3609 409 3672; x_wconf 74' lang='grc' dir='ltr'>’τῶν</span> <span class='ocrx_word' id='word_1_183' title='bbox 436 3611 648 3698; x_wconf 78' lang='grc' dir='ltr'><em>ἀνδροφόνων</em></span> <span class='ocrx_word' id='word_1_184' title='bbox 674 3613 849 3698; x_wconf 73' lang='grc' dir='ltr'><em>ἤλαυνεν.</em></span> <span class='ocrx_word' id='word_1_185' title='bbox 885 3609 965 3674; x_wconf 90' lang='lat' dir='ltr'>haec</span> <span class='ocrx_word' id='word_1_186' title='bbox 997 3609 1067 3673; x_wconf 87' lang='lat' dir='ltr'>fere</span> <span class='ocrx_word' id='word_1_187' title='bbox 1100 3610 1261 3674; x_wconf 87' lang='lat' dir='ltr'>sententia</span> 
     </span>
     <span class='ocr_line' id='line_1_29' title="bbox 193 3711 1262 3802; baseline 0.006 -27"><span class='ocrx_word' id='word_1_188' title='bbox 193 3733 264 3776; x_wconf 85' lang='lat' dir='ltr'>esse</span> <span class='ocrx_word' id='word_1_189' title='bbox 288 3711 438 3780; x_wconf 87' lang='lat' dir='ltr'>videtur:</span> <span class='ocrx_word' id='word_1_190' title='bbox 477 3713 577 3780; x_wconf 82' lang='lat' dir='ltr'>‘nulla</span> <span class='ocrx_word' id='word_1_191' title='bbox 617 3739 762 3802; x_wconf 91' lang='lat' dir='ltr'>unquam</span> <span class='ocrx_word' id='word_1_192' title='bbox 784 3715 863 3781; x_wconf 90' lang='lat' dir='ltr'>urbs</span> <span class='ocrx_word' id='word_1_193' title='bbox 886 3714 1037 3780; x_wconf 88' lang='lat' dir='ltr'>habitare</span> <span class='ocrx_word' id='word_1_194' title='bbox 1061 3738 1134 3780; x_wconf 91' lang='lat' dir='ltr'>eum</span> <span class='ocrx_word' id='word_1_195' title='bbox 1164 3738 1262 3800; x_wconf 86' lang='lat' dir='ltr'>passa</span> 
     </span>
     <span class='ocr_line' id='line_1_30' title="bbox 193 3822 1258 3912; baseline 0.006 -30"><span class='ocrx_word' id='word_1_196' title='bbox 193 3824 241 3883; x_wconf 92' lang='lat' dir='ltr'>est</span> <span class='ocrx_word' id='word_1_197' title='bbox 264 3841 391 3907; x_wconf 85' lang='lat' dir='ltr'>secum,</span> <span class='ocrx_word' id='word_1_198' title='bbox 416 3822 485 3906; x_wconf 90' lang='lat' dir='ltr'>sed,</span> <span class='ocrx_word' id='word_1_199' title='bbox 511 3845 705 3911; x_wconf 91' lang='lat' dir='ltr'>quocunque</span> <span class='ocrx_word' id='word_1_200' title='bbox 730 3822 884 3890; x_wconf 87' lang='lat' dir='ltr'>veniebat</span> <span class='ocrx_word' id='word_1_201' title='bbox 907 3831 1078 3912; x_wconf 89' lang='lat' dir='ltr'>terrarum,</span> <span class='ocrx_word' id='word_1_202' title='bbox 1103 3822 1258 3911; x_wconf 78' lang='lat' dir='ltr'>(ubique)</span> 
     </span>
     <span class='ocr_line' id='line_1_31' title="bbox 194 3927 590 4014; baseline 0.005 -22"><span class='ocrx_word' id='word_1_203' title='bbox 194 3927 471 4014; x_wconf 87' lang='lat' dir='ltr'>expellebant</span> <span class='ocrx_word' id='word_1_204' title='bbox 495 3934 590 3996; x_wconf 68' lang='lat' dir='ltr'>eum!</span> 
     </span>
    </p>

    <p class='ocr_par' dir='ltr' id='par_1_11' title="bbox 180 4035 1264 4337">
     <span class='ocr_line' id='line_1_32' title="bbox 282 4035 1264 4123; baseline 0.003 -24"><span class='ocrx_word' id='word_1_205' title='bbox 282 4035 392 4100; x_wconf 90' lang='lat' dir='ltr'>Aliam</span> <span class='ocrx_word' id='word_1_206' title='bbox 415 4036 618 4102; x_wconf 85' lang='lat' dir='ltr'>intercedere</span> <span class='ocrx_word' id='word_1_207' title='bbox 634 4037 794 4102; x_wconf 86' lang='lat' dir='ltr'>rationem</span> <span class='ocrx_word' id='word_1_208' title='bbox 812 4047 950 4123; x_wconf 88' lang='lat' dir='ltr'>apparet</span> <span class='ocrx_word' id='word_1_209' title='bbox 969 4038 1003 4102; x_wconf 93' lang='lat' dir='ltr'>in</span> <span class='ocrx_word' id='word_1_210' title='bbox 1019 4037 1080 4102; x_wconf 90' lang='lat' dir='ltr'>hoo</span> <span class='ocrx_word' id='word_1_211' title='bbox 1097 4038 1264 4123; x_wconf 86' lang='lat' dir='ltr'>exemplo:</span> 
     </span>
     <span class='ocr_line' id='line_1_33' title="bbox 193 4141 1264 4233; baseline 0.005 -30"><span class='ocrx_word' id='word_1_212' title='bbox 193 4141 278 4223; x_wconf 70' lang='lat'>§21</span> <span class='ocrx_word' id='word_1_213' title='bbox 316 4145 424 4232; x_wconf 77' lang='grc' dir='ltr'><em>ἐπεκδὴ</em></span> <span class='ocrx_word' id='word_1_214' title='bbox 463 4145 581 4233; x_wconf 81' lang='grc' dir='ltr'><em>χρόνος</em></span> <span class='ocrx_word' id='word_1_215' title='bbox 621 4146 782 4228; x_wconf 68' lang='grc' dir='ltr'><em>ἐγένετο</em></span> <span class='ocrx_word' id='word_1_216' title='bbox 817 4145 866 4209; x_wconf 79' lang='grc' dir='ltr'>καὶ</span> <span class='ocrx_word' id='word_1_217' title='bbox 903 4149 1264 4233; x_wconf 77' lang='grc' dir='ltr'><em>ἀρικνεῖτο...πλοῖα</em></span> 
     </span>
     <span class='ocr_line' id='line_1_34' title="bbox 180 4247 1263 4337; baseline 0.006 -27"><span class='ocrx_word' id='word_1_218' title='bbox 180 4248 214 4312; x_wconf 83' lang='lat' dir='ltr'>i.</span> <span class='ocrx_word' id='word_1_219' title='bbox 240 4270 267 4312; x_wconf 87' lang='lat' dir='ltr'>e.</span> <span class='ocrx_word' id='word_1_220' title='bbox 291 4247 372 4314; x_wconf 75' lang='lat' dir='ltr'>‘cum</span> <span class='ocrx_word' id='word_1_221' title='bbox 407 4252 564 4336; x_wconf 88' lang='lat' dir='ltr'>temporis</span> <span class='ocrx_word' id='word_1_222' title='bbox 597 4251 722 4337; x_wconf 89' lang='lat' dir='ltr'>aliquid</span> <span class='ocrx_word' id='word_1_223' title='bbox 758 4251 982 4336; x_wconf 88' lang='lat' dir='ltr'>praeteriisset</span> <span class='ocrx_word' id='word_1_224' title='bbox 1014 4260 1045 4315; x_wconf 91' lang='lat' dir='ltr'>et</span> <span class='ocrx_word' id='word_1_225' title='bbox 1069 4251 1263 4316; x_wconf 87' lang='lat' dir='ltr'>advenirent</span> 
     </span>
    </p>
   </div>
   <div class='ocr_carea' id='block_1_10' title="bbox 191 4356 1103 4520">
    <p class='ocr_par' dir='ltr' id='par_1_12' title="bbox 191 4356 1103 4520">
     <span class='ocr_line' id='line_1_35' title="bbox 191 4356 318 4419; baseline 0.008 -1"><span class='ocrx_word' id='word_1_226' title='bbox 191 4356 318 4419; x_wconf 64' lang='lat' dir='ltr'>naves!</span> 
     </span>
     <span class='ocr_line' id='line_1_36' title="bbox 1069 4465 1103 4520; baseline 0 -22"><span class='ocrx_word' id='word_1_227' title='bbox 1069 4465 1103 4520; x_wconf 74' lang='grc'>4*</span> 
     </span>
    </p>
   </div>
   <div class='ocr_carea' id='block_1_11' title="bbox 0 0 1566 4930">
    <p class='ocr_par' dir='ltr' id='par_1_13' title="bbox 0 0 1566 4930">
     <span class='ocr_line' id='line_1_37' title="bbox 0 0 1566 4930; baseline 0 0"><span class='ocrx_word' id='word_1_228' title='bbox 0 0 1566 4930; x_wconf 95' lang='lat' dir='ltr'> </span> 
     </span>
    </p>
   </div>
  </div>
 </body>
</html>
