<?xml version="1.0" encoding="UTF-8"?>
<!DOCTYPE html PUBLIC "-//W3C//DTD XHTML 1.0 Transitional//EN"
    "http://www.w3.org/TR/xhtml1/DTD/xhtml1-transitional.dtd">
<html xmlns="http://www.w3.org/1999/xhtml" xml:lang="en" lang="en">
 <head>
  <title>
</title>
<meta http-equiv="Content-Type" content="text/html;charset=utf-8" />
  <meta name='ocr-system' content='tesseract 3.04.00' />
  <meta name='ocr-capabilities' content='ocr_page ocr_carea ocr_par ocr_line ocrx_word'/>
</head>
<body>
  <div class='ocr_page' id='page_1' title='image "./observationesin00mayegoog_0044.png"; bbox 0 0 3120 4930; ppageno 0'>
   <div class='ocr_carea' id='block_1_1' title="bbox 620 475 843 542">
    <p class='ocr_par' dir='ltr' id='par_1_1' title="bbox 620 475 843 542">
     <span class='ocr_line' id='line_1_1' title="bbox 620 475 843 542; baseline 0 -18"><span class='ocrx_word' id='word_1_1' title='bbox 620 475 843 542; x_wconf 72' lang='lat'>..39-</span> 
     </span>
    </p>
   </div>
   <div class='ocr_carea' id='block_1_2' title="bbox 124 669 1275 2042">
    <p class='ocr_par' dir='ltr' id='par_1_2' title="bbox 124 669 1270 1398">
     <span class='ocr_line' id='line_1_2' title="bbox 195 669 1268 759; baseline 0.004 -27"><span class='ocrx_word' id='word_1_2' title='bbox 195 669 353 756; x_wconf 76' lang='lat' dir='ltr'>inveniri,</span> <span class='ocrx_word' id='word_1_3' title='bbox 385 669 452 751; x_wconf 88' lang='lat' dir='ltr'>ubi,</span> <span class='ocrx_word' id='word_1_4' title='bbox 486 669 562 756; x_wconf 84' lang='lat' dir='ltr'>quia</span> <span class='ocrx_word' id='word_1_5' title='bbox 589 669 758 759; x_wconf 83' lang='lat' dir='ltr'>verbosius</span> <span class='ocrx_word' id='word_1_6' title='bbox 783 678 831 734; x_wconf 87' lang='lat' dir='ltr'>ost</span> <span class='ocrx_word' id='word_1_7' title='bbox 855 669 1059 738; x_wconf 83' lang='lat' dir='ltr'>enuntiatum</span> <span class='ocrx_word' id='word_1_8' title='bbox 1083 671 1268 754; x_wconf 80' lang='lat' dir='ltr'>relativum,</span> 
     </span>
     <span class='ocr_line' id='line_1_3' title="bbox 196 753 1269 863; baseline 0.003 -23"><span class='ocrx_word' id='word_1_9' title='bbox 196 776 444 862; x_wconf 75' lang='lat' dir='ltr'>perspicuitatis</span> <span class='ocrx_word' id='word_1_10' title='bbox 469 799 567 842; x_wconf 84' lang='lat' dir='ltr'>causa</span> <span class='ocrx_word' id='word_1_11' title='bbox 592 753 1038 863; x_wconf 54' lang='lat' dir='ltr'>demonstrativum&#39;ponatur</span> <span class='ocrx_word' id='word_1_12' title='bbox 1061 801 1194 844; x_wconf 88' lang='lat' dir='ltr'>necesse</span> <span class='ocrx_word' id='word_1_13' title='bbox 1211 790 1269 843; x_wconf 90' lang='lat' dir='ltr'>est.</span> 
     </span>
     <span class='ocr_line' id='line_1_4' title="bbox 197 883 1268 970; baseline 0.004 -24"><span class='ocrx_word' id='word_1_14' title='bbox 197 883 352 968; x_wconf 80' lang='lat' dir='ltr'>exempla</span> <span class='ocrx_word' id='word_1_15' title='bbox 383 884 530 970; x_wconf 83' lang='lat' dir='ltr'>aliorum,</span> <span class='ocrx_word' id='word_1_16' title='bbox 563 883 652 949; x_wconf 83' lang='lat' dir='ltr'>velut</span> <span class='ocrx_word' id='word_1_17' title='bbox 685 884 854 952; x_wconf 86' lang='lat' dir='ltr'>Demosth.</span> <span class='ocrx_word' id='word_1_18' title='bbox 888 885 949 970; x_wconf 84' lang='lat' dir='ltr'>IX,</span> <span class='ocrx_word' id='word_1_19' title='bbox 986 885 1035 950; x_wconf 87' lang='lat'>19.</span> <span class='ocrx_word' id='word_1_20' title='bbox 1065 885 1195 969; x_wconf 82' lang='lat' dir='ltr'>XXIII,</span> <span class='ocrx_word' id='word_1_21' title='bbox 1227 886 1268 950; x_wconf 88' lang='lat'>36</span> 
     </span>
     <span class='ocr_line' id='line_1_5' title="bbox 197 990 1270 1076; baseline 0.001 -22"><span class='ocrx_word' id='word_1_22' title='bbox 197 990 389 1055; x_wconf 78' lang='lat' dir='ltr'>exscribere</span> <span class='ocrx_word' id='word_1_23' title='bbox 412 991 458 1054; x_wconf 90' lang='lat' dir='ltr'>nil</span> <span class='ocrx_word' id='word_1_24' title='bbox 483 991 627 1076; x_wconf 86' lang='lat' dir='ltr'>expedit.</span> <span class='ocrx_word' id='word_1_25' title='bbox 652 1031 696 1041; x_wconf 90' lang='lat'>-</span> <span class='ocrx_word' id='word_1_26' title='bbox 731 991 828 1054; x_wconf 85' lang='lat' dir='ltr'>etiam</span> <span class='ocrx_word' id='word_1_27' title='bbox 852 990 906 1054; x_wconf 89' lang='lat' dir='ltr'>hic</span> <span class='ocrx_word' id='word_1_28' title='bbox 930 991 1148 1076; x_wconf 81' lang='lat' dir='ltr'>praemittitur</span> <span class='ocrx_word' id='word_1_29' title='bbox 1172 991 1270 1056; x_wconf 88' lang='lat' dir='ltr'>inter-</span> 
     </span>
     <span class='ocr_line' id='line_1_6' title="bbox 198 1097 1270 1188; baseline 0.003 -27"><span class='ocrx_word' id='word_1_30' title='bbox 198 1097 279 1162; x_wconf 88' lang='lat' dir='ltr'>dum</span> <span class='ocrx_word' id='word_1_31' title='bbox 312 1119 490 1183; x_wconf 82' lang='lat' dir='ltr'>pronomen</span> <span class='ocrx_word' id='word_1_32' title='bbox 524 1100 608 1181; x_wconf 64' lang='lat' dir='ltr'>§QI</span> <span class='ocrx_word' id='word_1_33' title='bbox 643 1099 673 1184; x_wconf 61' lang='grc' dir='ltr'>[ἓ</span> <span class='ocrx_word' id='word_1_34' title='bbox 698 1099 739 1162; x_wconf 82' lang='grc'>68</span> <span class='ocrx_word' id='word_1_35' title='bbox 771 1108 828 1162; x_wconf 79' lang='grc' dir='ltr'>ουκ</span> <span class='ocrx_word' id='word_1_36' title='bbox 859 1101 927 1163; x_wconf 78' lang='grc' dir='ltr'><em>ἔστι</em></span> <span class='ocrx_word' id='word_1_37' title='bbox 952 1101 1047 1162; x_wconf 74' lang='grc' dir='ltr'><em>τοῦτο</em></span> <span class='ocrx_word' id='word_1_38' title='bbox 1073 1101 1270 1188; x_wconf 72' lang='grc' dir='ltr'>προδιδόναι,</span> 
     </span>
     <span class='ocr_line' id='line_1_7' title="bbox 124 1204 1270 1294; baseline -0.001 -23"><span class='ocrx_word' id='word_1_39' title='bbox 124 1233 129 1240; x_wconf 92' lang='grc'><em>·</em></span> <span class='ocrx_word' id='word_1_40' title='bbox 199 1207 232 1272; x_wconf 72' lang='grc' dir='ltr'>εἴ</span> <span class='ocrx_word' id='word_1_41' title='bbox 254 1231 298 1280; x_wconf 78' lang='grc' dir='ltr'>τις</span> <span class='ocrx_word' id='word_1_42' title='bbox 322 1204 448 1294; x_wconf 58' lang='grc' dir='ltr'>οἴχει-ιη</span> <span class='ocrx_word' id='word_1_43' title='bbox 473 1206 674 1271; x_wconf 85' lang='lat' dir='ltr'>enuntiatum</span> <span class='ocrx_word' id='word_1_44' title='bbox 691 1204 938 1293; x_wconf 87' lang='lat' dir='ltr'>hypotheticum</span> <span class='ocrx_word' id='word_1_45' title='bbox 955 1205 1061 1270; x_wconf 89' lang='lat' dir='ltr'>vicem</span> <span class='ocrx_word' id='word_1_46' title='bbox 1077 1214 1166 1270; x_wconf 88' lang='lat' dir='ltr'>tenet</span> <span class='ocrx_word' id='word_1_47' title='bbox 1188 1205 1270 1270; x_wconf 81' lang='lat' dir='ltr'>rela-</span> 
     </span>
     <span class='ocr_line' id='line_1_8' title="bbox 198 1312 466 1398; baseline 0 -22"><span class='ocrx_word' id='word_1_48' title='bbox 198 1314 261 1377; x_wconf 85' lang='lat' dir='ltr'>tivi</span> <span class='ocrx_word' id='word_1_49' title='bbox 286 1312 466 1398; x_wconf 71' lang='lat' dir='ltr'>enuntiati]¹</span> 
     </span>
    </p>

    <p class='ocr_par' dir='ltr' id='par_1_3' title="bbox 200 1420 1269 1617">
     <span class='ocr_line' id='line_1_9' title="bbox 290 1420 1269 1504; baseline 0.001 -21"><span class='ocrx_word' id='word_1_50' title='bbox 290 1420 353 1486; x_wconf 91' lang='lat' dir='ltr'>Pro</span> <span class='ocrx_word' id='word_1_51' title='bbox 378 1421 533 1492; x_wconf 79' lang='grc' dir='ltr'><em>τοσοῦτος</em></span> <span class='ocrx_word' id='word_1_52' title='bbox 556 1420 687 1504; x_wconf 89' lang='lat' dir='ltr'>ponitur</span> <span class='ocrx_word' id='word_1_53' title='bbox 711 1421 806 1492; x_wconf 72' lang='grc' dir='ltr'><em>οὗτος</em></span> <span class='ocrx_word' id='word_1_54' title='bbox 830 1420 895 1504; x_wconf 85' lang='lat' dir='ltr'>frg.</span> <span class='ocrx_word' id='word_1_55' title='bbox 926 1420 968 1485; x_wconf 88' lang='grc'>96</span> <span class='ocrx_word' id='word_1_56' title='bbox 992 1423 1082 1484; x_wconf 78' lang='grc' dir='ltr'><em>ὅσοι</em></span> <span class='ocrx_word' id='word_1_57' title='bbox 1107 1427 1173 1490; x_wconf 79' lang='grc' dir='ltr'><em>τοῖς</em></span> <span class='ocrx_word' id='word_1_58' title='bbox 1196 1425 1269 1502; x_wconf 74' lang='grc' dir='ltr'><em>ἀγα-</em></span> 
     </span>
     <span class='ocr_line' id='line_1_10' title="bbox 200 1527 1210 1617; baseline -0.001 -25"><span class='ocrx_word' id='word_1_59' title='bbox 200 1533 466 1617; x_wconf 62' lang='grc' dir='ltr'><em>ϋοῖς..χ,οο”)νται,</em></span> <span class='ocrx_word' id='word_1_60' title='bbox 493 1527 652 1598; x_wconf 74' lang='grc' dir='ltr'><em>τούτοις</em></span> <span class='ocrx_word' id='word_1_61' title='bbox 676 1528 809 1614; x_wconf 76' lang='grc' dir='ltr'><em>πολέμια</em></span> <span class='ocrx_word' id='word_1_62' title='bbox 833 1529 872 1592; x_wconf 79' lang='lat' dir='ltr'>roi</span> <span class='ocrx_word' id='word_1_63' title='bbox 890 1528 1096 1617; x_wconf 72' lang='grc' dir='ltr'><em>εὐτυχήματα</em></span> <span class='ocrx_word' id='word_1_64' title='bbox 1114 1530 1210 1592; x_wconf 80' lang='grc' dir='ltr'><em>ἐστιν.</em></span> 
     </span>
    </p>

    <p class='ocr_par' dir='ltr' id='par_1_4' title="bbox 198 1623 1275 2042">
     <span class='ocr_line' id='line_1_11' title="bbox 291 1623 1270 1720; baseline -0.004 -21"><span class='ocrx_word' id='word_1_65' title='bbox 291 1633 441 1720; x_wconf 88' lang='lat' dir='ltr'>Denique</span> <span class='ocrx_word' id='word_1_66' title='bbox 458 1633 571 1698; x_wconf 83' lang='lat' dir='ltr'>adfero</span> <span class='ocrx_word' id='word_1_67' title='bbox 588 1623 787 1718; x_wconf 85' lang='lat' dir='ltr'>plurativum</span> <span class='ocrx_word' id='word_1_68' title='bbox 804 1655 974 1698; x_wconf 88' lang='lat' dir='ltr'>numerum</span> <span class='ocrx_word' id='word_1_69' title='bbox 991 1635 1092 1699; x_wconf 72' lang='lat' dir='ltr'>wirot</span> <span class='ocrx_word' id='word_1_70' title='bbox 1109 1631 1270 1714; x_wconf 81' lang='lat' dir='ltr'>adhiberi,</span> 
     </span>
     <span class='ocr_line' id='line_1_12' title="bbox 199 1739 1270 1828; baseline -0.004 -23"><span class='ocrx_word' id='word_1_71' title='bbox 199 1763 398 1828; x_wconf 84' lang='lat' dir='ltr'>quamquam</span> <span class='ocrx_word' id='word_1_72' title='bbox 423 1762 487 1804; x_wconf 89' lang='lat' dir='ltr'>non</span> <span class='ocrx_word' id='word_1_73' title='bbox 511 1750 637 1825; x_wconf 84' lang='lat' dir='ltr'>spectat</span> <span class='ocrx_word' id='word_1_74' title='bbox 667 1739 731 1804; x_wconf 89' lang='lat' dir='ltr'>uisi</span> <span class='ocrx_word' id='word_1_75' title='bbox 755 1740 797 1806; x_wconf 82' lang='lat' dir='ltr'>ad</span> <span class='ocrx_word' id='word_1_76' title='bbox 821 1763 920 1806; x_wconf 84' lang='lat' dir='ltr'>uuam</span> <span class='ocrx_word' id='word_1_77' title='bbox 944 1741 1148 1824; x_wconf 81' lang='lat' dir='ltr'>sententiam,</span> <span class='ocrx_word' id='word_1_78' title='bbox 1184 1747 1204 1823; x_wconf 64' lang='grc' dir='ltr'><em>ς</em></span> <span class='ocrx_word' id='word_1_79' title='bbox 1230 1741 1270 1802; x_wconf 74' lang='lat'>12</span> 
     </span>
     <span class='ocr_line' id='line_1_13' title="bbox 200 1847 1275 1937; baseline -0.004 -24"><span class='ocrx_word' id='word_1_80' title='bbox 200 1850 394 1937; x_wconf 49' lang='lat' dir='ltr'>Aeinppcii*</span> <span class='ocrx_word' id='word_1_81' title='bbox 427 1850 550 1912; x_wconf 76' lang='grc' dir='ltr'><em>ταῦτα</em></span> <span class='ocrx_word' id='word_1_82' title='bbox 580 1851 691 1914; x_wconf 74' lang='grc' dir='ltr'><em>λαϋεῖν</em></span> <span class='ocrx_word' id='word_1_83' title='bbox 723 1849 811 1933; x_wconf 75' lang='grc' dir='ltr'><em>ὑμᾶς,</em></span> <span class='ocrx_word' id='word_1_84' title='bbox 845 1847 895 1912; x_wconf 82' lang='grc' dir='ltr'>ὅτι</span> <span class='ocrx_word' id='word_1_85' title='bbox 928 1848 1116 1936; x_wconf 78' lang='grc' dir='ltr'><em>ουχὸμοιὸς</em></span> <span class='ocrx_word' id='word_1_86' title='bbox 1141 1850 1228 1912; x_wconf 78' lang='grc' dir='ltr'><em>ἐστιν</em></span> <span class='ocrx_word' id='word_1_87' title='bbox 1252 1848 1275 1909; x_wconf 80' lang='grc' dir='ltr'><em>ο</em></span> 
     </span>
     <span class='ocr_line' id='line_1_14' title="bbox 198 1954 1270 2042; baseline -0.002 -24"><span class='ocrx_word' id='word_1_88' title='bbox 198 1957 343 2038; x_wconf 61' lang='grc' dir='ltr'><em>ἀγώνξ</em></span> <span class='ocrx_word' id='word_1_89' title='bbox 381 1956 422 2018; x_wconf 67' lang='lat' dir='ltr'>‘li</span> <span class='ocrx_word' id='word_1_90' title='bbox 457 1956 507 2018; x_wconf 82' lang='grc' dir='ltr'>καὶ</span> <span class='ocrx_word' id='word_1_91' title='bbox 543 1957 614 2042; x_wconf 76' lang='grc' dir='ltr'>περὶ</span> <span class='ocrx_word' id='word_1_92' title='bbox 649 1954 803 2020; x_wconf 77' lang='grc' dir='ltr'><em>τούτων</em></span> <span class='ocrx_word' id='word_1_93' title='bbox 839 1956 870 2017; x_wconf 78' lang='grc' dir='ltr'>οἶ</span> <span class='ocrx_word' id='word_1_94' title='bbox 906 1955 1053 2042; x_wconf 73' lang='grc' dir='ltr'><em>ὑμέτεροι</em></span> <span class='ocrx_word' id='word_1_95' title='bbox 1089 1955 1181 2040; x_wconf 75' lang='grc' dir='ltr'><em>νόμοι</em></span> <span class='ocrx_word' id='word_1_96' title='bbox 1218 1957 1270 2025; x_wconf 78' lang='grc' dir='ltr'>τὰς</span> 
     </span>
    </p>
   </div>
   <div class='ocr_carea' id='block_1_3' title="bbox 198 2060 1271 2470">
    <p class='ocr_par' dir='ltr' id='par_1_5' title="bbox 198 2060 1271 2470">
     <span class='ocr_line' id='line_1_15' title="bbox 200 2060 1271 2150; baseline -0.003 -24"><span class='ocrx_word' id='word_1_97' title='bbox 200 2063 338 2149; x_wconf 77' lang='grc' dir='ltr'><em>ἐσχάτας</em></span> <span class='ocrx_word' id='word_1_98' title='bbox 378 2063 530 2149; x_wconf 73' lang='grc' dir='ltr'><em>τιμωρίας</em></span> <span class='ocrx_word' id='word_1_99' title='bbox 565 2062 738 2148; x_wconf 73' lang='grc' dir='ltr'><em>ὁρίζουσιν,</em></span> <span class='ocrx_word' id='word_1_100' title='bbox 778 2061 831 2125; x_wconf 82' lang='grc' dir='ltr'><em>ἐοίν</em></span> <span class='ocrx_word' id='word_1_101' title='bbox 871 2084 916 2132; x_wconf 78' lang='grc' dir='ltr'>τις</span> <span class='ocrx_word' id='word_1_102' title='bbox 954 2062 1128 2150; x_wconf 73' lang='grc' dir='ltr'><em>Ἀθηναίων</em></span> <span class='ocrx_word' id='word_1_103' title='bbox 1156 2060 1271 2125; x_wconf 79' lang='grc' dir='ltr'><em>ἄλλοσέ</em></span> 
     </span>
     <span class='ocr_line' id='line_1_16' title="bbox 199 2166 1270 2258; baseline -0.006 -24"><span class='ocrx_word' id='word_1_104' title='bbox 199 2195 255 2234; x_wconf 84' lang='grc' dir='ltr'>ποι</span> <span class='ocrx_word' id='word_1_105' title='bbox 286 2170 457 2258; x_wconf 70' lang='grc' dir='ltr'><em>σιτηγήσῃ.</em></span> <span class='ocrx_word' id='word_1_106' title='bbox 505 2167 647 2252; x_wconf 80' lang='lat' dir='ltr'>pertinet</span> <span class='ocrx_word' id='word_1_107' title='bbox 686 2167 761 2240; x_wconf 61' lang='lat' dir='ltr'>huo,</span> <span class='ocrx_word' id='word_1_108' title='bbox 781 2167 879 2232; x_wconf 85' lang='lat' dir='ltr'>etiam</span> <span class='ocrx_word' id='word_1_109' title='bbox 914 2167 1079 2232; x_wconf 86' lang='lat' dir='ltr'>sollemnis</span> <span class='ocrx_word' id='word_1_110' title='bbox 1114 2166 1171 2232; x_wconf 83' lang='lat' dir='ltr'>illa</span> <span class='ocrx_word' id='word_1_111' title='bbox 1208 2167 1270 2229; x_wconf 90' lang='lat' dir='ltr'>for-</span> 
     </span>
     <span class='ocr_line' id='line_1_17' title="bbox 198 2272 1270 2360; baseline -0.003 -21"><span class='ocrx_word' id='word_1_112' title='bbox 198 2274 288 2340; x_wconf 85' lang='lat' dir='ltr'>mula</span> <span class='ocrx_word' id='word_1_113' title='bbox 328 2276 388 2340; x_wconf 80' lang='grc' dir='ltr'>καέ</span> <span class='ocrx_word' id='word_1_114' title='bbox 421 2278 545 2339; x_wconf 78' lang='grc' dir='ltr'><em>ταῦτα</em></span> <span class='ocrx_word' id='word_1_115' title='bbox 589 2273 693 2360; x_wconf 87' lang='lat' dir='ltr'>(„und</span> <span class='ocrx_word' id='word_1_116' title='bbox 724 2279 867 2355; x_wconf 56' lang='lat' dir='ltr'>‘zuar“):</span> <span class='ocrx_word' id='word_1_117' title='bbox 911 2275 997 2358; x_wconf 67' lang='lat'>§32</span> <span class='ocrx_word' id='word_1_118' title='bbox 1029 2274 1113 2339; x_wconf 81' lang='grc' dir='ltr'>Ἀλλὰ</span> <span class='ocrx_word' id='word_1_119' title='bbox 1137 2272 1270 2343; x_wconf 77' lang='grc' dir='ltr'><em>τούτους</em></span> 
     </span>
     <span class='ocr_line' id='line_1_18' title="bbox 199 2356 1267 2470; baseline -0.005 -23"><span class='ocrx_word' id='word_1_120' title='bbox 199 2385 353 2470; x_wconf 73' lang='grc' dir='ltr'><em>ὀΛειυκρ.</em></span> <span class='ocrx_word' id='word_1_121' title='bbox 379 2384 576 2470; x_wconf 74' lang='grc' dir='ltr'><em>παραδοῦναι</em></span> <span class='ocrx_word' id='word_1_122' title='bbox 601 2384 696 2470; x_wconf 67' lang='grc' dir='ltr'><em>ἔφυγε</em></span> <span class='ocrx_word' id='word_1_123' title='bbox 721 2382 770 2445; x_wconf 78' lang='grc' dir='ltr'>καὶ</span> <span class='ocrx_word' id='word_1_124' title='bbox 795 2383 895 2446; x_wconf 65' lang='grc' dir='ltr'><em>ταῦτα</em></span> <span class='ocrx_word' id='word_1_125' title='bbox 919 2391 976 2446; x_wconf 78' lang='grc' dir='ltr'>οὐκ</span> <span class='ocrx_word' id='word_1_126' title='bbox 993 2356 1178 2468; x_wconf 78' lang='grc' dir='ltr'><em>ἀλλοτρίους</em></span> <span class='ocrx_word' id='word_1_127' title='bbox 1202 2383 1267 2443; x_wconf 77' lang='grc' dir='ltr'><em>κτλ.</em></span> 
     </span>
    </p>
   </div>
   <div class='ocr_carea' id='block_1_4' title="bbox 199 2486 1271 3971">
    <p class='ocr_par' dir='ltr' id='par_1_6' title="bbox 199 2486 1268 2574">
     <span class='ocr_line' id='line_1_19' title="bbox 199 2486 1268 2574; baseline -0.006 -20"><span class='ocrx_word' id='word_1_128' title='bbox 199 2513 241 2554; x_wconf 89' lang='lat' dir='ltr'>en</span> <span class='ocrx_word' id='word_1_129' title='bbox 258 2487 409 2574; x_wconf 85' lang='lat' dir='ltr'>exempla</span> <span class='ocrx_word' id='word_1_130' title='bbox 425 2511 477 2574; x_wconf 86' lang='lat' dir='ltr'>op.</span> <span class='ocrx_word' id='word_1_131' title='bbox 495 2488 675 2552; x_wconf 85' lang='lat' dir='ltr'>Rehdantn.</span> <span class='ocrx_word' id='word_1_132' title='bbox 693 2487 758 2554; x_wconf 86' lang='lat' dir='ltr'>ind.</span> <span class='ocrx_word' id='word_1_133' title='bbox 777 2487 944 2559; x_wconf 71' lang='lat' dir='ltr'>Demosth.</span> <span class='ocrx_word' id='word_1_134' title='bbox 960 2489 1003 2552; x_wconf 88' lang='lat' dir='ltr'>II.</span> <span class='ocrx_word' id='word_1_135' title='bbox 1017 2510 1042 2556; x_wconf 86' lang='lat' dir='ltr'>s.</span> <span class='ocrx_word' id='word_1_136' title='bbox 1056 2511 1089 2558; x_wconf 66' lang='grc' dir='ltr'>ν,</span> <span class='ocrx_word' id='word_1_137' title='bbox 1100 2486 1268 2550; x_wconf 87' lang='lat' dir='ltr'>Neutrum.</span> 
     </span>
    </p>

    <p class='ocr_par' dir='ltr' id='par_1_7' title="bbox 200 2595 1271 2878">
     <span class='ocr_line' id='line_1_20' title="bbox 290 2595 1269 2682; baseline -0.005 -20"><span class='ocrx_word' id='word_1_138' title='bbox 290 2598 399 2682; x_wconf 82' lang='lat' dir='ltr'>Atque</span> <span class='ocrx_word' id='word_1_139' title='bbox 424 2596 504 2660; x_wconf 83' lang='lat' dir='ltr'>haec</span> <span class='ocrx_word' id='word_1_140' title='bbox 529 2595 661 2681; x_wconf 88' lang='lat' dir='ltr'>quidem</span> <span class='ocrx_word' id='word_1_141' title='bbox 685 2595 853 2661; x_wconf 87' lang='lat' dir='ltr'>hactenus.</span> <span class='ocrx_word' id='word_1_142' title='bbox 888 2595 1058 2660; x_wconf 85' lang='lat' dir='ltr'>videamus</span> <span class='ocrx_word' id='word_1_143' title='bbox 1083 2595 1158 2680; x_wconf 81' lang='lat' dir='ltr'>iam,</span> <span class='ocrx_word' id='word_1_144' title='bbox 1193 2615 1269 2680; x_wconf 84' lang='lat' dir='ltr'>quo-</span> 
     </span>
     <span class='ocr_line' id='line_1_21' title="bbox 200 2691 1271 2794; baseline -0.001 -25"><span class='ocrx_word' id='word_1_145' title='bbox 200 2705 297 2770; x_wconf 89' lang='lat' dir='ltr'>modo</span> <span class='ocrx_word' id='word_1_146' title='bbox 319 2705 495 2794; x_wconf 83' lang='lat' dir='ltr'>Lycurgus</span> <span class='ocrx_word' id='word_1_147' title='bbox 519 2729 697 2791; x_wconf 88' lang='lat' dir='ltr'>pronomen</span> <span class='ocrx_word' id='word_1_148' title='bbox 715 2691 1008 2772; x_wconf 81' lang='lat' dir='ltr'>demonstrativum</span> <span class='ocrx_word' id='word_1_149' title='bbox 1034 2729 1107 2771; x_wconf 92' lang='lat' dir='ltr'>cum</span> <span class='ocrx_word' id='word_1_150' title='bbox 1124 2705 1271 2770; x_wconf 85' lang='lat' dir='ltr'>substau-</span> 
     </span>
     <span class='ocr_line' id='line_1_22' title="bbox 200 2813 520 2878; baseline 0.006 -2"><span class='ocrx_word' id='word_1_151' title='bbox 200 2813 278 2877; x_wconf 87' lang='lat' dir='ltr'>tivis</span> <span class='ocrx_word' id='word_1_152' title='bbox 303 2813 520 2878; x_wconf 85' lang='lat' dir='ltr'>coniunxerit.</span> 
     </span>
    </p>

    <p class='ocr_par' dir='ltr' id='par_1_8' title="bbox 199 2919 1270 3971">
     <span class='ocr_line' id='line_1_23' title="bbox 289 2919 1270 3006; baseline -0.001 -22"><span class='ocrx_word' id='word_1_153' title='bbox 289 2920 412 2984; x_wconf 86' lang='lat' dir='ltr'>Rarum</span> <span class='ocrx_word' id='word_1_154' title='bbox 435 2920 548 3006; x_wconf 90' lang='lat' dir='ltr'>utique</span> <span class='ocrx_word' id='word_1_155' title='bbox 572 2943 675 3004; x_wconf 83' lang='lat' dir='ltr'>genus</span> <span class='ocrx_word' id='word_1_156' title='bbox 709 2921 842 2984; x_wconf 88' lang='lat' dir='ltr'>dicendi</span> <span class='ocrx_word' id='word_1_157' title='bbox 874 2921 1083 2986; x_wconf 87' lang='lat' dir='ltr'>statuendum</span> <span class='ocrx_word' id='word_1_158' title='bbox 1114 2929 1162 2986; x_wconf 87' lang='lat' dir='ltr'>est</span> <span class='ocrx_word' id='word_1_159' title='bbox 1184 2926 1203 3001; x_wconf 63' lang='grc' dir='ltr'>ξ</span> <span class='ocrx_word' id='word_1_160' title='bbox 1229 2919 1270 2983; x_wconf 71' lang='lat'>79</span> 
     </span>
     <span class='ocr_line' id='line_1_24' title="bbox 201 3027 1270 3116; baseline -0.002 -24"><span class='ocrx_word' id='word_1_161' title='bbox 201 3027 333 3099; x_wconf 81' lang='grc' dir='ltr'><em>ἕκαστος</em></span> <span class='ocrx_word' id='word_1_162' title='bbox 373 3027 522 3116; x_wconf 74' lang='grc' dir='ltr'><em>ταύτην</em></span> <span class='ocrx_word' id='word_1_163' title='bbox 561 3029 697 3092; x_wconf 72' lang='grc' dir='ltr'><em>πίστιν</em></span> <span class='ocrx_word' id='word_1_164' title='bbox 737 3029 879 3107; x_wconf 73' lang='grc' dir='ltr'><em>ιῖὶδιυσιν,</em></span> <span class='ocrx_word' id='word_1_165' title='bbox 916 3039 947 3092; x_wconf 88' lang='lat' dir='ltr'>et</span> <span class='ocrx_word' id='word_1_166' title='bbox 983 3035 1002 3112; x_wconf 66' lang='grc' dir='ltr'>ξ</span> <span class='ocrx_word' id='word_1_167' title='bbox 1036 3029 1077 3094; x_wconf 86' lang='grc'>80</span> <span class='ocrx_word' id='word_1_168' title='bbox 1121 3028 1270 3116; x_wconf 69' lang='grc' dir='ltr'><em>ταύτην</em></span> 
     </span>
     <span class='ocr_line' id='line_1_25' title="bbox 200 3133 1270 3220; baseline -0.003 -20"><span class='ocrx_word' id='word_1_169' title='bbox 200 3137 336 3200; x_wconf 76' lang='grc' dir='ltr'><em>πίστιν</em></span> <span class='ocrx_word' id='word_1_170' title='bbox 370 3137 496 3215; x_wconf 69' lang='grc' dir='ltr'><em>ἔδοσαν,</em></span> <span class='ocrx_word' id='word_1_171' title='bbox 529 3134 587 3198; x_wconf 88' lang='lat' dir='ltr'>scd</span> <span class='ocrx_word' id='word_1_172' title='bbox 621 3133 708 3220; x_wconf 84' lang='lat' dir='ltr'>quod</span> <span class='ocrx_word' id='word_1_173' title='bbox 740 3144 877 3220; x_wconf 88' lang='lat' dir='ltr'>utroque</span> <span class='ocrx_word' id='word_1_174' title='bbox 911 3135 980 3198; x_wconf 83' lang='lat' dir='ltr'>loco</span> <span class='ocrx_word' id='word_1_175' title='bbox 1006 3135 1128 3220; x_wconf 90' lang='lat' dir='ltr'>optimo</span> <span class='ocrx_word' id='word_1_176' title='bbox 1157 3133 1270 3198; x_wconf 88' lang='lat' dir='ltr'>codice</span> 
     </span>
     <span class='ocr_line' id='line_1_26' title="bbox 200 3241 1270 3328; baseline -0.001 -21"><span class='ocrx_word' id='word_1_177' title='bbox 200 3241 414 3328; x_wconf 79' lang='lat' dir='ltr'>(Orippsiano</span> <span class='ocrx_word' id='word_1_178' title='bbox 438 3243 480 3326; x_wconf 84' lang='lat' dir='ltr'>A)</span> <span class='ocrx_word' id='word_1_179' title='bbox 505 3241 635 3306; x_wconf 85' lang='lat' dir='ltr'>nitatur.</span> <span class='ocrx_word' id='word_1_180' title='bbox 662 3242 750 3328; x_wconf 88' lang='lat' dir='ltr'>quod</span> <span class='ocrx_word' id='word_1_181' title='bbox 780 3242 825 3306; x_wconf 86' lang='lat' dir='ltr'>ita</span> <span class='ocrx_word' id='word_1_182' title='bbox 850 3243 918 3306; x_wconf 88' lang='lat' dir='ltr'>fere</span> <span class='ocrx_word' id='word_1_183' title='bbox 943 3241 1176 3327; x_wconf 87' lang='lat' dir='ltr'>explicandum</span> <span class='ocrx_word' id='word_1_184' title='bbox 1200 3264 1270 3306; x_wconf 89' lang='lat' dir='ltr'>csse</span> 
     </span>
     <span class='ocr_line' id='line_1_27' title="bbox 199 3348 1270 3436; baseline 0.002 -25"><span class='ocrx_word' id='word_1_185' title='bbox 199 3349 342 3430; x_wconf 85' lang='lat' dir='ltr'>videtur,</span> <span class='ocrx_word' id='word_1_186' title='bbox 376 3357 411 3412; x_wconf 88' lang='lat' dir='ltr'>ut</span> <span class='ocrx_word' id='word_1_187' title='bbox 440 3371 619 3433; x_wconf 89' lang='lat' dir='ltr'>pronomen</span> <span class='ocrx_word' id='word_1_188' title='bbox 654 3348 945 3414; x_wconf 81' lang='lat' dir='ltr'>demonstrativum</span> <span class='ocrx_word' id='word_1_189' title='bbox 971 3350 1064 3436; x_wconf 85' lang='lat' dir='ltr'>quasi</span> <span class='ocrx_word' id='word_1_190' title='bbox 1088 3348 1270 3414; x_wconf 86' lang='lat' dir='ltr'>subiect-um</span> 
     </span>
     <span class='ocr_line' id='line_1_28' title="bbox 201 3455 1267 3548; baseline 0 -28"><span class='ocrx_word' id='word_1_191' title='bbox 201 3477 273 3520; x_wconf 86' lang='lat' dir='ltr'>esso</span> <span class='ocrx_word' id='word_1_192' title='bbox 297 3455 465 3538; x_wconf 84' lang='lat' dir='ltr'>enuntiati,</span> <span class='ocrx_word' id='word_1_193' title='bbox 490 3455 729 3520; x_wconf 81' lang='lat' dir='ltr'>substantirum</span> <span class='ocrx_word' id='word_1_194' title='bbox 746 3457 928 3542; x_wconf 81' lang='lat' dir='ltr'>praedicati</span> <span class='ocrx_word' id='word_1_195' title='bbox 944 3457 1011 3548; x_wconf 79' lang='lat' dir='ltr'>rim</span> <span class='ocrx_word' id='word_1_196' title='bbox 1029 3456 1150 3521; x_wconf 83' lang='lat' dir='ltr'>habere</span> <span class='ocrx_word' id='word_1_197' title='bbox 1169 3457 1267 3522; x_wconf 86' lang='lat' dir='ltr'>dicas.</span> 
     </span>
     <span class='ocr_line' id='line_1_29' title="bbox 200 3561 1270 3652; baseline 0.002 -27"><span class='ocrx_word' id='word_1_198' title='bbox 200 3563 299 3627; x_wconf 85' lang='lat' dir='ltr'>valde</span> <span class='ocrx_word' id='word_1_199' title='bbox 316 3562 415 3627; x_wconf 87' lang='lat' dir='ltr'>miror</span> <span class='ocrx_word' id='word_1_200' title='bbox 432 3561 670 3627; x_wconf 83' lang='lat' dir='ltr'>Thalheimium</span> <span class='ocrx_word' id='word_1_201' title='bbox 688 3563 911 3628; x_wconf 82' lang='lat' dir='ltr'>inconstanter</span> <span class='ocrx_word' id='word_1_202' title='bbox 927 3563 1035 3648; x_wconf 88' lang='lat' dir='ltr'>priore</span> <span class='ocrx_word' id='word_1_203' title='bbox 1053 3563 1123 3628; x_wconf 90' lang='lat' dir='ltr'>loco</span> <span class='ocrx_word' id='word_1_204' title='bbox 1149 3563 1270 3652; x_wconf 68' lang='grc' dir='ltr'><em>ταύτην</em></span> 
     </span>
     <span class='ocr_line' id='line_1_30' title="bbox 201 3669 1270 3758; baseline -0.002 -24"><span class='ocrx_word' id='word_1_205' title='bbox 201 3673 262 3757; x_wconf 74' lang='grc' dir='ltr'>τὴν</span> <span class='ocrx_word' id='word_1_206' title='bbox 279 3671 396 3748; x_wconf 76' lang='grc' dir='ltr'><em>πίστιν,</em></span> <span class='ocrx_word' id='word_1_207' title='bbox 414 3669 591 3754; x_wconf 89' lang='lat' dir='ltr'>posteriore</span> <span class='ocrx_word' id='word_1_208' title='bbox 610 3670 729 3758; x_wconf 72' lang='grc' dir='ltr'><em>ταύτην</em></span> <span class='ocrx_word' id='word_1_209' title='bbox 747 3672 852 3736; x_wconf 80' lang='grc' dir='ltr'><em>πίστιν</em></span> <span class='ocrx_word' id='word_1_210' title='bbox 869 3670 1050 3754; x_wconf 84' lang='lat' dir='ltr'>scripsisse.</span> <span class='ocrx_word' id='word_1_211' title='bbox 1069 3709 1109 3718; x_wconf 91' lang='lat'><em>-</em></span> <span class='ocrx_word' id='word_1_212' title='bbox 1127 3683 1270 3732; x_wconf 85' lang='lat' dir='ltr'>ceterum</span> 
     </span>
     <span class='ocr_line' id='line_1_31' title="bbox 200 3775 1270 3861; baseline -0.004 -19"><span class='ocrx_word' id='word_1_213' title='bbox 200 3783 221 3856; x_wconf 67' lang='grc' dir='ltr'>ξ</span> <span class='ocrx_word' id='word_1_214' title='bbox 246 3777 266 3842; x_wconf 87' lang='grc'>9</span> <span class='ocrx_word' id='word_1_215' title='bbox 292 3776 497 3840; x_wconf 89' lang='lat' dir='ltr'>consentiunt</span> <span class='ocrx_word' id='word_1_216' title='bbox 520 3775 651 3840; x_wconf 88' lang='lat' dir='ltr'>codices</span> <span class='ocrx_word' id='word_1_217' title='bbox 675 3775 708 3839; x_wconf 90' lang='lat' dir='ltr'>in</span> <span class='ocrx_word' id='word_1_218' title='bbox 725 3775 887 3840; x_wconf 86' lang='lat' dir='ltr'>simillimo</span> <span class='ocrx_word' id='word_1_219' title='bbox 911 3799 971 3840; x_wconf 87' lang='lat' dir='ltr'>usu</span> <span class='ocrx_word' id='word_1_220' title='bbox 989 3775 1121 3839; x_wconf 89' lang='lat' dir='ltr'>dicendi</span> <span class='ocrx_word' id='word_1_221' title='bbox 1138 3775 1270 3861; x_wconf 75' lang='grc' dir='ltr'><em>τούτῳ</em></span> 
     </span>
     <span class='ocr_line' id='line_1_32' title="bbox 200 3881 1268 3971; baseline -0.003 -23"><span class='ocrx_word' id='word_1_222' title='bbox 200 3883 339 3948; x_wconf 83' lang='grc' dir='ltr'><em>κανόνι</em></span> <span class='ocrx_word' id='word_1_223' title='bbox 355 3883 540 3971; x_wconf 72' lang='grc' dir='ltr'><em>χρωμένους</em></span> <span class='ocrx_word' id='word_1_224' title='bbox 554 3883 574 3946; x_wconf 95' lang='lat' dir='ltr'>i.</span> <span class='ocrx_word' id='word_1_225' title='bbox 587 3906 613 3950; x_wconf 88' lang='lat' dir='ltr'>e.</span> <span class='ocrx_word' id='word_1_226' title='bbox 627 3881 698 3947; x_wconf 79' lang='lat' dir='ltr'>‘hac</span> <span class='ocrx_word' id='word_1_227' title='bbox 715 3883 815 3969; x_wconf 82' lang='lat' dir='ltr'>(Iege)</span> <span class='ocrx_word' id='word_1_228' title='bbox 832 3892 867 3947; x_wconf 90' lang='lat' dir='ltr'>ut</span> <span class='ocrx_word' id='word_1_229' title='bbox 883 3883 1035 3968; x_wconf 80' lang='lat' dir='ltr'>regulas</span> <span class='ocrx_word' id='word_1_230' title='bbox 1049 3904 1165 3947; x_wconf 80' lang='lat' dir='ltr'>norma</span> <span class='ocrx_word' id='word_1_231' title='bbox 1176 3881 1268 3946; x_wconf 86' lang='lat' dir='ltr'>usos&#39;.</span> 
     </span>
    </p>
   </div>
   <div class='ocr_carea' id='block_1_5' title="bbox 552 4078 922 4134">
    <p class='ocr_par' dir='ltr' id='par_1_9' title="bbox 552 4078 922 4134">
     <span class='ocr_line' id='line_1_33' title="bbox 552 4078 922 4134; baseline 0.003 -2"><span class='ocrx_word' id='word_1_232' title='bbox 552 4079 717 4134; x_wconf 87' lang='lat' dir='ltr'>Pronomen</span> <span class='ocrx_word' id='word_1_233' title='bbox 736 4078 922 4133; x_wconf 77' lang='lat' dir='ltr'>iudeflriitum</span> 
     </span>
    </p>
   </div>
   <div class='ocr_carea' id='block_1_6' title="bbox 200 4199 1271 4400">
    <p class='ocr_par' dir='ltr' id='par_1_10' title="bbox 200 4199 1271 4400">
     <span class='ocr_line' id='line_1_34' title="bbox 200 4199 1271 4288; baseline -0.002 -21"><span class='ocrx_word' id='word_1_234' title='bbox 200 4201 424 4268; x_wconf 84' lang='lat' dir='ltr'>redundantcr</span> <span class='ocrx_word' id='word_1_235' title='bbox 448 4202 579 4286; x_wconf 82' lang='lat' dir='ltr'>ponitur</span> <span class='ocrx_word' id='word_1_236' title='bbox 604 4208 623 4284; x_wconf 67' lang='grc' dir='ltr'>ξ</span> <span class='ocrx_word' id='word_1_237' title='bbox 648 4204 709 4268; x_wconf 81' lang='grc' dir='ltr'>9ἶ);</span> <span class='ocrx_word' id='word_1_238' title='bbox 743 4203 817 4272; x_wconf 75' lang='grc' dir='ltr'><em>τοὺς</em></span> <span class='ocrx_word' id='word_1_239' title='bbox 840 4204 900 4288; x_wconf 71' lang='grc' dir='ltr'>μὲν</span> <span class='ocrx_word' id='word_1_240' title='bbox 924 4203 981 4266; x_wconf 75' lang='grc' dir='ltr'>οὖν</span> <span class='ocrx_word' id='word_1_241' title='bbox 1005 4206 1179 4279; x_wconf 73' lang='grc' dir='ltr'><em>ιῖλλους...,</em></span> <span class='ocrx_word' id='word_1_242' title='bbox 1205 4199 1271 4265; x_wconf 78' lang='grc' dir='ltr'>ἕνα</span> 
     </span>
     <span class='ocr_line' id='line_1_35' title="bbox 200 4305 1270 4400; baseline -0.004 -25"><span class='ocrx_word' id='word_1_243' title='bbox 200 4312 237 4376; x_wconf 75' lang='grc' dir='ltr'>δέ</span> <span class='ocrx_word' id='word_1_244' title='bbox 261 4331 347 4374; x_wconf 74' lang='grc' dir='ltr'><em>τινα</em></span> <span class='ocrx_word' id='word_1_245' title='bbox 372 4314 437 4372; x_wconf 76' lang='grc' dir='ltr'>τῶν</span> <span class='ocrx_word' id='word_1_246' title='bbox 461 4309 638 4400; x_wconf 68' lang='grc' dir='ltr'><em>νεωτέρου,</em></span> <span class='ocrx_word' id='word_1_247' title='bbox 662 4308 719 4374; x_wconf 91' lang='lat' dir='ltr'>ubi</span> <span class='ocrx_word' id='word_1_248' title='bbox 743 4307 899 4376; x_wconf 87' lang='lat' dir='ltr'>Kuehuer</span> <span class='ocrx_word' id='word_1_249' title='bbox 924 4308 1058 4399; x_wconf 64' lang='lat'><strong>(5470,</strong></span> <span class='ocrx_word' id='word_1_250' title='bbox 1076 4308 1108 4394; x_wconf 87' lang='lat'>3)</span> <span class='ocrx_word' id='word_1_251' title='bbox 1135 4305 1188 4374; x_wconf 76' lang='grc' dir='ltr'>ἕνα</span> <span class='ocrx_word' id='word_1_252' title='bbox 1212 4330 1270 4382; x_wconf 83' lang='lat' dir='ltr'>oro</span> 
     </span>
    </p>
   </div>
   <div class='ocr_carea' id='block_1_7' title="bbox 0 0 1570 4930">
    <p class='ocr_par' dir='ltr' id='par_1_11' title="bbox 0 0 1570 4930">
     <span class='ocr_line' id='line_1_36' title="bbox 0 0 1570 4930; baseline 0 0"><span class='ocrx_word' id='word_1_253' title='bbox 0 0 1570 4930; x_wconf 95' lang='lat' dir='ltr'> </span> 
     </span>
    </p>
   </div>
  </div>
 </body>
</html>
