3120 4930
721 433 945 504 ..30-

297 639 421 722 XLIV,
445 639 466 703 6
489 638 623 710 ὸπολὺς
647 640 704 702 τοῦ
729 637 826 718 λόγον
856 633 979 718 LVIII,
1003 636 1025 701 5
1049 637 1106 699 τὸν
1132 637 1280 699 πλεῖστον
1305 635 1366 698 τοῦ

297 748 429 835 χρόνον.
485 744 642 810 Dinarch.
676 745 704 826 1,
740 744 784 808 55
818 746 856 808 τὰ
884 743 1006 830 μεγάλα
1039 749 1104 806 τῶν
1132 740 1367 829 ιίδικηιιάτιννὶ,

299 864 409 918 tamen
432 853 521 940 apud
544 853 736 940 Lycurgum
768 851 960 937 saepissime
989 849 1166 916 inuenitur.
1179 851 1203 936 ¹)
1247 847 1368 920 referri

298 961 361 1024 huc
393 969 499 1047 potest
529 959 627 1024 etiam
658 957 738 1022 illud
762 958 782 1044 ὅ
809 959 872 1022 132
902 963 968 1022 τῶν
997 962 1141 1046 ποιητῶν
1173 977 1253 1026 τινες
1289 966 1366 1040 tpro

300 1068 430 1156 ποιητοί
453 1069 560 1152 τινες),
584 1088 689 1152 neque
714 1088 775 1149 ego
799 1065 861 1130 hac
885 1064 1039 1148 analogia
1061 1064 1159 1128 nixus
1183 1070 1203 1146 ξ
1228 1063 1270 1128 22
1300 1067 1368 1126 τῶν

300 1175 401 1261 φίλων
425 1174 600 1262 Ἀντιγένην
630 1197 673 1238 ex
706 1172 875 1237 codicibus
900 1171 1095 1259 Orippsiano
1117 1174 1143 1237 Α
1166 1181 1199 1235 et
1221 1171 1370 1234 Lauren·

300 1283 389 1344 tiano
413 1283 440 1346 B
461 1303 526 1346 non
549 1281 730 1367 receperim
754 1303 812 1366 pro
841 1283 898 1345 τὸν
924 1281 1016 1367 φὶλον
1038 1280 1145 1362 Ἀντιγ.
1169 1277 1367 1364 reliquorum

301 1388 470 1452 librorum.
517 1389 558 1453 ef.
583 1387 743 1454 Matthiae
766 1394 786 1472 ξ
810 1389 886 1452 321.

392 1495 575 1578 Singularis
600 1495 733 1582 quidam
748 1497 894 1581 genetivi
914 1495 1060 1582 partitivi
1075 1517 1154 1562 usus
1176 1493 1369 1559 statuendus

304 1607 395 1682 est§
422 1603 461 1665 16
485 1602 668 1690 ἐψηφίσατο
693 1603 711 1665 ὁ
736 1603 987 1691 δῆμος....τοὺς
1016 1602 1219 1691 στρατηγοὺς
1244 1600 1371 1666 τάττειν

305 1711 349 1780 εἰς
373 1710 428 1780 τὰς
452 1711 589 1796 φυλακὰς
615 1715 692 1772 τῶν
714 1709 930 1798 Ἀθηναίων
960 1710 1010 1774 καὶ
1040 1714 1117 1773 τῶν
1139 1711 1267 1773 ἄλλων
1292 1711 1370 1770 τῶν

304 1815 526 1880 οἰκούντων
558 1815 709 1904 Ἀθήνησι
743 1817 815 1882 καθ’
846 1817 913 1881 ὅτι
940 1819 980 1881 dv
1008 1823 1116 1887 αὐτοῖς
1148 1817 1240 1904 δοκῇ.
1288 1836 1368 1901 quos

304 1921 474 2005 genetivos
507 1943 588 1984 cave
622 1924 746 1986 referas
780 1921 823 1987 ad
846 1923 995 2010 φυλακάς,
1018 1923 1116 1986 immo
1152 1921 1294 2007 pendent
1328 1943 1371 1984 ex

277 2027 406 2116 'verbo
442 2027 566 2092 τάττειν
601 2028 656 2111 (cf.
689 2028 847 2092 Matthiae
880 2029 988 2111 §323
1011 2027 1071 2115 b.)‚
1105 2029 1151 2093 ita
1183 2036 1302 2114 tamen,
1335 2037 1372 2092 ut

307 2135 405 2199 ctiam
429 2156 503 2198 cum
527 2137 602 2201 καθ’
634 2136 651 2199 ὅ
681 2160 710 2200 τι
732 2138 772 2199 ἄν
795 2138 861 2199 κτλ.
895 2134 1117 2220 coniungendi
1139 2135 1220 2220 sint3
1253 2135 1371 2200 etenim

306 2241 380 2306 καθ’
405 2242 422 2304 ὅ
448 2266 477 2305 τι
500 2243 538 2305 ἂν
563 2240 732 2329 δοκῇίἀοοι
755 2239 844 2306 valet
867 2249 964 2328 atque
994 2241 1066 2306 ὅσοι
1095 2244 1135 2306 ἂν
1159 2243 1258 2307 ἱκανοὶ
1293 2243 1372 2310 εἶναι

307 2351 445 2414 δοκῶσιν
469 2345 535 2410 vel.
557 2347 622 2411 tale
657 2346 780 2433 aliquid
815 2345 940 2434 (duces
975 2349 1115 2432 populus
1150 2349 1305 2416 iussit...
1322 2349 1374 2418 ,in

308 2455 439 2541 vigilias
464 2454 637 2541 disponere
669 2455 917 2520 Atheniensium
950 2456 1259 2544 peregrinorumque
1283 2457 1375 2544 quid-

309 2563 386 2650 quid
411 2561 457 2626 eis
482 2565 541 2647 [se.
559 2561 709 2646 ducibus]
734 2562 840 2628 visum
864 2564 981 2652 esset').

399 2670 580 2737 Genetivus
612 2671 705 2758 (ὑπὲρ
725 2672 783 2746 ὦν)
819 2673 888 2736 τοῦ
930 2673 975 2760 μὴ
1007 2674 1272 2760 καταλυθῆναι...
1281 2673 1376 2760 χίλιοι

311 2777 521 2866 ἐτελεύτησαν
551 2783 571 2860 ξ
598 2777 660 2840 142
692 2777 897 2842 revocandus
922 2788 970 2844 est
994 2778 1037 2844 ad
1060 2780 1157 2844 finem
1181 2801 1377 2866 causamque

311 2884 432 2969 agendi
454 2884 491 2970 (i.
517 2909 546 2971 q.
571 2880 661 2948 ἕνεκα
680 2886 736 2948 τοῦ
760 2885 805 2971 μὴ
823 2885 944 2968 zarai).
993 2885 1084 2949 cuius
1101 2885 1254 2950 dictionis
1270 2907 1377 2950 exem-

312 2989 365 3078 pla
389 3013 409 3056 a
432 2989 611 3054 Matthiaeo
635 2990 747 3074 5540,
764 2991 839 3054 adn.
879 2993 906 3055 1.
943 2990 1054 3058 adlata
1077 2991 1239 3058 sufficient
1262 2992 1304 3058 ad
1328 3015 1379 3056 re-

311 3096 482 3162 futandum
499 3087 791 3180 Voigtlaenderuni
801 3098 835 3182 ¹),
860 3098 916 3182 qui
932 3119 974 3161 ex
990 3097 1152 3162 infinitivo
1169 3107 1323 3186 tanquam
1336 3121 1379 3162 ex

312 3203 516 3270 substantivo
541 3204 730 3288 genetivum
756 3207 802 3268 ὦν
818 3205 962 3291 pendere
986 3206 1135 3294 opinatus
1158 3229 1269 3294 praep.
1300 3208 1380 3297 ὑπὲρ

314 3333 388 3376 cum
406 3313 463 3376 τοῦ
479 3312 523 3398 μὴ
541 3315 648 3376 aurei.
667 3311 844 3396 coniungit.
892 3322 1036 3378 ceterum
1054 3312 1270 3402 Thucydides
1283 3313 1380 3378 huius

313 3416 593 3504 breviloquentiae
617 3428 731 3482 auctor
760 3419 860 3483 fuisse
884 3419 1014 3485 videtur
1024 3422 1052 3508 2)
1085 3421 1139 3504 (cf.
1173 3419 1296 3504 Bergk.
1328 3442 1377 3504 gr.

314 3524 449 3608 Ltgseh.
473 3523 531 3590 IV.
556 3549 587 3612 p.
612 3525 703 3612 291).

404 3629 623 3696 Transeamus
658 3631 701 3695 ad
734 3631 950 3714 genetivus
986 3655 1071 3698 cum
1110 3632 1252 3698 verbis
1291 3654 1382 3697 con·

315 3736 486 3803 iunctos.

408 3917 428 3985 1)
449 3917 553 3970 similia
566 3918 643 3972 inter
656 3917 777 3972 Latinos
790 3918 945 3990 scriptores
958 3917 1093 3974 Tacitum
1107 3920 1136 3973 in
1149 3915 1261 3974 deliciis
1274 3920 1382 3974 habere

318 4011 416 4060 notum
448 4013 500 4060 est.
538 4005 574 4060 cf.
604 4007 699 4062 annal.
727 4007 765 4074 II,
785 4009 818 4060 15
844 4005 922 4064 ‘aria
951 4007 1067 4063 Oceani’
1097 4009 1149 4078 111,
1175 4011 1192 4064 5
1215 4007 1384 4081 ‘asperrimo

318 4094 436 4162 hiemis',
456 4096 555 4150 histor.
575 4095 624 4166 IV,
643 4098 676 4150 81
695 4094 786 4152 ‘certa
806 4095 900 4152 maris'
919 4103 976 4152 etc.
995 4097 1043 4164 (ef.
1064 4097 1204 4170 Schmalz,
1219 4101 1236 4153 l.
1251 4119 1274 4154 e.
1286 4119 1312 4170 p.
1324 4099 1386 4156 268.

319 4185 360 4238 io.
381 4186 447 4239 adn.
465 4185 503 4253 2).

410 4276 431 4342 ²)
448 4272 495 4328 ‘de
516 4276 586 4329 loeis
604 4276 750 4330 nonnullis
770 4276 894 4347 Lycurg.
908 4277 989 4348 disp?
1027 4277 1212 4350 Sehneeberg
1226 4278 1304 4332 1895.
1317 4297 1344 4348 p.
1357 4275 1388 4329 4.
