3120 4930
312 1613 380 1738 De
395 1673 543 1761 Lycurgi
560 1657 697 1738 oratoris
717 1695 777 1737 usu
794 1673 927 1738 dicendi
944 1674 977 1738 in
994 1674 1184 1740 uuiversum
1200 1675 1289 1740 haud

219 1803 326 1868 pauca
349 1781 415 1846 iam
439 1780 613 1846 observata
637 1801 707 1845 esse
731 1804 751 1844 a
774 1780 854 1846 viris
879 1781 983 1846 doctis
1007 1781 1140 1846 minime
1163 1782 1287 1867 ignoro.

219 1895 317 1975 atque
341 1887 649 1953 demonstraverunt
691 1888 725 1952 hi
757 1888 891 1976 quidem
921 1888 1045 1954 indicia
1076 1912 1095 1954 a
1124 1889 1289 1955 veteribus

220 1996 261 2060 de
296 2017 416 2080 genere
450 1995 583 2062 dicendi
615 1996 684 2060 eius
715 1995 782 2061 lata
812 1995 959 2083 reliquiis
991 2019 1095 2084 usque
1128 1997 1172 2062 ad
1204 1997 1289 2062 hano

220 2111 362 2168 aetatem
375 2103 513 2168 servatis
525 2101 624 2188 plane
634 2102 821 2168 confirmari
831 2135 838 2183 3
850 2103 961 2188 veluti,
977 2104 1064 2190 quod
1077 2103 1125 2168 illi
1136 2104 1290 2170 dixerunt

137 2201 141 2207 ¹
221 2233 294 2275 eum
319 2209 539 2295 digressiones
555 2209 599 2275 ad
622 2233 674 2274 res
690 2211 862 2298 mythicam,
887 2211 1043 2296 poeticae,
1069 2211 1239 2278 historicas
1256 2213 1289 2276 in

221 2315 348 2381 deliciis
372 2317 539 2400 habere¹),
564 2339 662 2402 saepe
686 2317 818 2382 easdem
841 2319 1019 2383 sententias
1041 2318 1160 2384 iterare
1170 2319 1206 2403 ²),
1225 2341 1289 2384 om-

219 2423 297 2488 nino
322 2423 572 2510 amplificationi
595 2423 806 2490 multifariam
830 2424 963 2490 studere
972 2427 1009 2510 ³),
1043 2448 1082 2490 ea
1105 2425 1214 2492 omnia
1237 2448 1287 2490 ac·

221 2538 330 2595 curate
354 2529 475 2595 cadere
498 2513 537 2595 in¹
556 2531 735 2596 orationem
752 2530 912 2596 adversus
928 2530 1121 2597 Leocratem
1144 2531 1289 2598 habitam

220 2637 363 2725 itemque
374 2639 408 2704 in
425 2638 681 2724 fragmentorum
698 2661 782 2726 quae
799 2649 973 2725 supersunt
990 2639 1113 2726 aliquot
1129 2638 1287 2725 longiora.

218 2744 278 2809 sed
311 2744 367 2831 qui
397 2745 430 2810 in
461 2745 618 2834 syntaxin
651 2746 844 2833 copiamque
879 2746 1056 2811 verborum
1078 2746 1288 2835 Lycurgeam

219 2851 275 2915 via
298 2873 337 2915 ao
360 2851 486 2917 ratione
510 2852 700 2939 inquireret,
725 2874 819 2918 nemo
845 2852 963 2938 adhue,
990 2853 1077 2939 quod
1101 2853 1214 2937 sciam,
1240 2853 1287 2918 in·

218 2967 334 3023 ventus
359 2967 416 3025 est.
441 2958 526 3024 hanc
549 2959 651 3044 igitur
681 2970 807 3045 partem
840 2983 901 3046 ego
931 2959 1063 3047 quidem
1086 2960 1166 3025 mihi
1189 2961 1289 3025 susci-

198 3041 373 3150 ‘piendam
396 3066 511 3151 putavi
535 3089 609 3131 cum
633 3066 705 3131 aliis
729 3076 798 3132 tum
822 3091 861 3133 ea
877 3089 977 3132 causa
993 3077 1184 3151 commotus,
1202 3067 1290 3153 quod

218 3171 420 3257 singulorum
437 3173 633 3259 scriptorum
649 3195 754 3258 genus
772 3174 905 3239 dicendi
928 3197 1026 3261 quam
1043 3173 1290 3259 diligentissime

218 3279 474 3345 examinandum
498 3290 597 3367 atque
622 3280 870 3367 explanandum
894 3290 952 3364 est,
970 3281 1161 3368 priusquam
1185 3280 1290 3345 iustus

218 3409 381 3473 verusque
413 3386 561 3452 Graecae
594 3386 728 3472 linguae
760 3388 932 3453 thesaurus
964 3388 1081 3454 confici
1111 3388 1222 3474 possit.
1247 3428 1289 3437 —

218 3501 318 3558 totam
342 3502 450 3558 autem
474 3493 729 3580 disputationem
752 3495 799 3560 ita
822 3495 998 3580 instituam,
1024 3504 1059 3560 ut
1082 3495 1224 3580 primum
1249 3494 1290 3560 de

219 3599 315 3686 copia
357 3599 551 3685 verborum,
595 3600 715 3666 deinde
755 3601 796 3666 de
840 3601 1021 3667 rationibus
1067 3601 1290 3686 grammaticis

220 3706 388 3772 disseram.

309 3905 328 3970 ¹)
348 3903 486 3975 Hermog.
505 3923 534 3957 π.
554 3904 637 3958 ἰδεῶν
663 3904 680 3958 3
700 3924 727 3975 p.
747 3905 800 3959 389
819 3905 864 3960 W.
896 3935 926 3943 -
947 3904 985 3958 of.
1005 3905 1185 3960 Leocrateaa
1205 3904 1236 3975 ἐξ
1256 3905 1290 3959 83

220 3994 297 4062 -88,
315 3992 431 4062 94-98,
450 3993 584 4047 98-111.

308 4084 331 4150 ²)
350 4081 386 4138 of.
406 4082 435 4151 ἐξ
455 4081 498 4152 27,
516 4083 561 4154 45,
581 4083 625 4152 51,
645 4083 679 4138 67
699 4089 754 4138 ete.

310 4171 332 4239 ³)
353 4171 473 4244 Dionys.
492 4173 641 4228 Halicarn.
660 4173 685 4240 6,
705 4172 758 4226 433
776 4172 809 4227 Β.
829 4171 888 4225 ἐστὶ
907 4171 1056 4228 διαπαντὸς
1075 4171 1216 4243 aitqua),
1244 4172 1289 4225 καὶ

220 4261 368 4335 διηρμένος
395 4262 439 4316 καὶ
468 4262 570 4333 σεμνὸς
595 4265 652 4324 κτλ.
668 4260 722 4330 (cf.
741 4261 832 4329 BlasS,
858 4262 885 4315 d.
913 4267 963 4317 att.
990 4261 1085 4318 Bored
1102 4262 1176 4317 amk.
1195 4260 1249 4331 ΙΙΙ,

221 4369 248 4422 r·
267 4349 302 4404 92
321 4353 375 4424 se)

678 4629 948 4739 aaaron
