3120 4930
605 501 826 575 ..67-

174 709 357 772 ἀνοίστατον
394 708 443 772 καλ
479 711 545 770 τῶν
578 711 694 771 κοινῶν
724 707 859 770 ἐλπίδων
890 707 1101 794 στερηθῆναι.
1135 697 1244 792 ὥσπερ

175 815 306 903 γάρ...
333 815 415 884 ἐλπὶς
440 816 479 877 ἐκ
503 815 560 877 τοῦ
586 817 687 882 κακῶς
711 815 827 900 πρᾶξαι
850 817 1040 898 μεταπεσεῖν
1066 815 1129 876 κτλ.
1157 817 1176 894 ξ
1201 810 1241 874 61

175 923 225 987 καὶ
242 925 281 986 ἐκ
298 921 423 985 τούτων
439 920 526 1007 ὅμως
542 919 735 1007 ἀμφοτέρων
752 919 1029 1007 ἠλευθερώθημεν
1044 917 1095 1003 (ef.
1115 917 1242 984 Andoe.

174 1028 218 1112 11,
246 1029 287 1092 10
309 1027 466 1098 πολιτείας
490 1027 539 1090 καὶ
563 1026 695 1115 διαίτης,
720 1028 762 1100 ἐξ
783 1026 820 1113 ῆς
844 1026 932 1113 δευρὶ
956 1025 1141 1114 μετέστην).

264 1134 319 1200 Ad
345 1155 477 1198 oausam
501 1141 532 1196 et
555 1132 724 1217 rationem,
748 1131 806 1196 ubi
830 1132 938 1218 potius
963 1133 1014 1196 διὰ
1038 1153 1065 1196 o.
1094 1153 1162 1196 aee.
1188 1140 1244 1196 aut

176 1242 279 1308 solum
310 1243 459 1310 dativum
490 1251 677 1327 exspectas,
710 1252 884 1307 revocatur
908 1245 941 1306 έκ
973 1247 993 1325 ξ
1023 1243 1066 1308 35
1097 1245 1153 1306 τὸν
1184 1244 1244 1330 τὴν

177 1350 323 1425 ἐξουσίαν
349 1354 404 1439 τῆς
420 1351 592 1434 ἀπολογίας
616 1351 715 1414 αὑτοῦ
741 1352 783 1424 ἐξ
799 1353 903 1414 ἄλλων
928 1375 964 1414 τε
986 1353 1112 1415 πολλῶν
1136 1350 1186 1414 καί
1210 1352 1244 1413 ἐκ

177 1459 234 1520 τοῦ
257 1459 301 1545 μὴ
326 1459 483 1533 δέξασθαι
507 1461 546 1522 τὰ
569 1458 673 1523 θὶκαια
696 1445 942 1546 περιῃρημένον.

264 1566 385 1629 Notatu
408 1564 522 1652 utique
547 1564 682 1647 dignum
707 1574 765 1648 est,
791 1564 918 1650 quod§
943 1563 985 1628 62
1005 1565 1240 1654 Μεσσήνην.,..

177 1674 215 1735 έκ
241 1677 305 1736 τῶν
322 1673 496 1760 τυχόντων
512 1672 698 1760 ἀνθρώπων
714 1673 974 1738 συνοικισθεῖσαν
990 1691 1101 1757 praep.
1120 1673 1153 1735 ἐκ
1170 1691 1244 1734 eum

176 1777 276 1842 verbo
301 1800 389 1842 mere
412 1778 544 1864 passivo
569 1778 788 1862 coniungitur.
811 1799 917 1864 neque
942 1777 1028 1842 enim
1052 1776 1135 1841 alius
1158 1775 1243 1862 quis-

175 1909 272 1972 quam
297 1895 462 1951 oratorum
486 1886 533 1951 sie
556 1887 684 1951 loeutus
708 1893 757 1950 est
780 1893 911 1971 praeter
930 1887 1030 1952 Isoor.
1055 1885 1114 1970 VI,
1138 1885 1179 1950 57
1206 1893 1244 1950 οὐ

175 1995 276 2081 μόνον
300 1996 336 2069 ἐξ
361 1994 451 2084 ἡμῶν
476 1994 670 2082 ἐλέγχονται,
695 1997 773 2059 ἀλλὰ
798 1995 847 2058 καὶ
872 1996 913 2068 ἐξ
935 1993 980 2056 ὦν
1008 1995 1099 2058 αὐτοὶ
1121 1995 1152 2058 οἷ
1182 1995 1244 2060 έπέ-

177 2103 290 2190 τρόποι
314 2102 581 2190 διαπεπραγμένοι
606 2101 695 2180 εἰσιν,
726 2109 757 2164 et
780 2099 917 2185 Antiph.
942 2100 986 2183 II,
1011 2103 1040 2185 ἀ,
1073 2103 1086 2163 1
1115 2107 1179 2165 τῶν
1210 2104 1246 2176 ἐξ

177 2211 253 2295 ἐμοῦ
272 2211 499 2297 πραχθέντων.
536 2216 651 2273 eontra
667 2207 838 2272 familiaris
855 2214 925 2272 erat
946 2206 1000 2270 hio
1015 2229 1092 2272 usus
1108 2207 1244 2272 Ionibus

177 2337 215 2378 ao
238 2314 382 2400 tragicis
397 2314 532 2398 Atticis3
556 2315 693 2402 proinde
716 2313 805 2378 haud
829 2314 893 2380 seio
925 2335 966 2377 an
999 2313 1085 2378 huno
1116 2336 1244 2400 quoque

176 2443 270 2486 usum
295 2444 337 2486 ex
360 2429 530 2507 poetarum
554 2443 701 2486 sermone
725 2419 919 2506 repetivisse
939 2419 1131 2508 Lycurgum
1155 2427 1243 2484 reete

176 2529 388 2614 suspicemur.
447 2528 487 2598 ef.
517 2527 675 2592 Kuohner
698 2533 718 2611 ξ
743 2527 823 2616 430,
855 2529 885 2611 2,
920 2527 951 2612 2,
985 2549 1012 2596 o.
1046 2525 1243 2615 Bernhardy

155 2658 207 2720 p.
232 2634 307 2701 228.
331 2675 375 2683 -
399 2635 448 2699 De

648 2756 762 2824 ἕνεκα

175 2884 222 2949 nil
244 2884 361 2971 habeo,
378 2883 465 2972 quod
481 2883 644 2969 adnotem‚
667 2885 732 2949 nisi
748 2884 837 2972 quod
853 2885 872 2970 ξ
889 2884 931 2949 31
957 2881 1071 2949 ἕνεκα
1095 2886 1152 2948 τσῦ
1168 2886 1242 2970 βου-

176 2991 326 3058 λεύεσθαι
348 2993 446 3078 paulo
470 2992 661 3058 insolentius
684 2991 881 3081 praepositio
906 2992 988 3056 haee
1020 3000 1096 3056 ante
1118 2985 1241 3056 vnomen

175 3099 314 3183 ponitur.
363 3100 403 3164 ef,
420 3101 520 3166 Isoer.
537 3099 613 3184 XV,
633 3097 705 3165 163.
742 3097 910 3163 Demosth.
927 3097 988 3181 ΙΙΙ,
1012 3098 1062 3165 14.
1088 3096 1243 3162 Aeschin.

174 3205 219 3289 Π,
246 3209 320 3292 150,
346 3209 419 3275 ιω.
466 3207 528 3292 111,
553 3207 628 3291 κω,
653 3208 727 3272 246.

662 3393 747 3457 προ.

264 3492 385 3576 Digna,
412 3515 494 3579 quae
519 3502 798 3579 commemoretur,
824 3501 874 3557 est
897 3490 1009 3556 localis
1038 3490 1125 3554 notio
1156 3495 1175 3572 ξ
1199 3491 1242 3555 86

165 3599 321 3686 ’φρύγανα
344 3599 506 3682 συλλέγειν
529 3601 603 3688 πρὸ
636 3605 692 3688 τῆς
716 3601 847 3677 πόλεως,
872 3619 956 3684 quae
981 3594 1059 3662 alibi
1083 3595 1172 3661 haud
1196 3596 1242 3661 ita

173 3705 398 3790 frequentatur
422 3707 476 3790 (of.
501 3706 584 3771 Lutz
608 3705 628 3773 l.
655 3729 683 3772 e.
708 3729 740 3791 p.
765 3705 831 3789 60).

170 3874 173 3880 ,
263 3811 415 3878 Nobatile
440 3813 545 3877 estid
570 3835 708 3902 quoque,
734 3807 821 3900 quod
845 3819 865 3897 ξ
893 3813 954 3878 107
988 3815 1062 3900 πρὸ
1095 3817 1151 3901 τῆς
1186 3837 1240 3878 πα·

176 3920 284 4008 τρίἀος
307 3923 525 4010 ἀποθνήσκειν
542 3920 662 3986 dieitur
678 3943 737 4007 pro
765 3919 858 3985 solito
884 3921 981 4008 ὑπὲρ
1010 3925 1065 4008 τῆς
1089 3922 1242 4009 πατρίδος

174 4026 394 4116 ἀποθνήσκειν
418 4049 479 4092 usu
494 4050 559 4093 non
576 4027 679 4092 solum
704 4026 792 4112 apud
809 4035 953 4092 oratores
969 4027 1097 4091 Attieos
1123 4042 1241 4112 (exem-

174 4133 265 4218 plum
289 4156 353 4198 non
377 4134 488 4198 inveni
512 4134 576 4199 nisi
591 4133 759 4203 Demosth.
782 4133 875 4219 XIV,
899 4135 921 4196 4
945 4140 1011 4206 τοῖς
1035 4137 1109 4222 πρὸ
1134 4141 1241 4200 αὐτῶν

175 4241 225 4303 καὶ
247 4244 317 4327 μετ’
340 4246 447 4306 αὐτῶν
471 4243 589 4306 ἐκεῖνον
613 4241 848 4328 ἀμυνομένοις),
881 4262 996 4305 verum
1026 4240 1124 4304 etiam
1152 4240 1240 4326 apud

175 4345 255 4410 alios
279 4347 455 4432 scriptores
478 4348 655 4418 rarissimo.
702 4369 733 4412 v.
759 4346 967 4436 Bernhardy.
991 4369 1024 4432 p.
1049 4349 1123 4412 232.

1046 4455 1081 4508 5*
