<?xml version="1.0" encoding="UTF-8"?>
<!DOCTYPE html PUBLIC "-//W3C//DTD XHTML 1.0 Transitional//EN"
    "http://www.w3.org/TR/xhtml1/DTD/xhtml1-transitional.dtd">
<html xmlns="http://www.w3.org/1999/xhtml" xml:lang="en" lang="en">
 <head>
  <title>
</title>
<meta http-equiv="Content-Type" content="text/html;charset=utf-8" />
  <meta name='ocr-system' content='tesseract 3.04.00' />
  <meta name='ocr-capabilities' content='ocr_page ocr_carea ocr_par ocr_line ocrx_word'/>
</head>
<body>
  <div class='ocr_page' id='page_1' title='image "./observationesin00mayegoog_0026.png"; bbox 0 0 3120 4930; ppageno 0'>
   <div class='ocr_carea' id='block_1_1' title="bbox 570 509 793 573">
    <p class='ocr_par' dir='ltr' id='par_1_1' title="bbox 570 509 793 573">
     <span class='ocr_line' id='line_1_1' title="bbox 570 509 793 573; baseline 0.009 -15"><span class='ocrx_word' id='word_1_1' title='bbox 570 509 793 573; x_wconf 78' lang='lat'>-21-</span> 
     </span>
    </p>
   </div>
   <div class='ocr_carea' id='block_1_2' title="bbox 134 704 1211 795">
    <p class='ocr_par' dir='ltr' id='par_1_2' title="bbox 134 704 1211 795">
     <span class='ocr_line' id='line_1_2' title="bbox 134 704 1211 795; baseline 0 -25"><span class='ocrx_word' id='word_1_2' title='bbox 134 711 254 795; x_wconf 58' lang='grc' dir='ltr'>ψῆφον</span> <span class='ocrx_word' id='word_1_3' title='bbox 280 706 409 774; x_wconf 71' lang='grc' dir='ltr'>θέσθαι.</span> <span class='ocrx_word' id='word_1_4' title='bbox 457 704 614 770; x_wconf 81' lang='lat' dir='ltr'>Dinarch.</span> <span class='ocrx_word' id='word_1_5' title='bbox 648 705 674 788; x_wconf 89' lang='lat' dir='ltr'>l,</span> <span class='ocrx_word' id='word_1_6' title='bbox 709 707 772 770; x_wconf 89' lang='lat'>110</span> <span class='ocrx_word' id='word_1_7' title='bbox 796 706 856 792; x_wconf 79' lang='grc' dir='ltr'>τὴν</span> <span class='ocrx_word' id='word_1_8' title='bbox 888 705 980 770; x_wconf 83' lang='grc' dir='ltr'>ὁσίαν</span> <span class='ocrx_word' id='word_1_9' title='bbox 1013 707 1063 770; x_wconf 85' lang='grc' dir='ltr'>καί</span> <span class='ocrx_word' id='word_1_10' title='bbox 1088 707 1211 788; x_wconf 82' lang='grc' dir='ltr'>δικαίαν</span> 
     </span>
    </p>
   </div>
   <div class='ocr_carea' id='block_1_3' title="bbox 136 921 1214 3899">
    <p class='ocr_par' dir='ltr' id='par_1_3' title="bbox 138 921 505 1009">
     <span class='ocr_line' id='line_1_3' title="bbox 138 921 505 1009; baseline -0.003 -24"><span class='ocrx_word' id='word_1_11' title='bbox 138 923 203 1008; x_wconf 78' lang='grc' dir='ltr'>τὴν</span> <span class='ocrx_word' id='word_1_12' title='bbox 227 921 361 1009; x_wconf 83' lang='grc' dir='ltr'>εὔορκον</span> <span class='ocrx_word' id='word_1_13' title='bbox 385 924 505 1009; x_wconf 68' lang='grc' dir='ltr'>ψῆφον.</span> 
     </span>
    </p>

    <p class='ocr_par' dir='ltr' id='par_1_4' title="bbox 136 1025 1214 2188">
     <span class='ocr_line' id='line_1_4' title="bbox 232 1025 1211 1114; baseline 0.001 -23"><span class='ocrx_word' id='word_1_14' title='bbox 232 1028 303 1092; x_wconf 88' lang='lat' dir='ltr'>Iam</span> <span class='ocrx_word' id='word_1_15' title='bbox 327 1034 363 1092; x_wconf 86' lang='lat' dir='ltr'>ut</span> <span class='ocrx_word' id='word_1_16' title='bbox 386 1028 427 1092; x_wconf 89' lang='lat' dir='ltr'>de</span> <span class='ocrx_word' id='word_1_17' title='bbox 450 1026 588 1111; x_wconf 85' lang='lat' dir='ltr'>singulis</span> <span class='ocrx_word' id='word_1_18' title='bbox 619 1025 815 1114; x_wconf 84' lang='lat' dir='ltr'>quibusdam</span> <span class='ocrx_word' id='word_1_19' title='bbox 846 1027 926 1092; x_wconf 87' lang='lat' dir='ltr'>locis</span> <span class='ocrx_word' id='word_1_20' title='bbox 950 1051 1058 1114; x_wconf 87' lang='lat' dir='ltr'>agam,</span> <span class='ocrx_word' id='word_1_21' title='bbox 1083 1028 1139 1093; x_wconf 93' lang='lat' dir='ltr'>ubi</span> <span class='ocrx_word' id='word_1_22' title='bbox 1163 1050 1211 1092; x_wconf 85' lang='lat' dir='ltr'>ar-</span> 
     </span>
     <span class='ocr_line' id='line_1_5' title="bbox 136 1133 1212 1221; baseline 0.001 -23"><span class='ocrx_word' id='word_1_23' title='bbox 136 1133 262 1199; x_wconf 87' lang='lat' dir='ltr'>ticulus</span> <span class='ocrx_word' id='word_1_24' title='bbox 285 1133 394 1198; x_wconf 88' lang='lat' dir='ltr'>videri</span> <span class='ocrx_word' id='word_1_25' title='bbox 416 1141 523 1219; x_wconf 85' lang='lat' dir='ltr'>potest</span> <span class='ocrx_word' id='word_1_26' title='bbox 545 1133 654 1219; x_wconf 88' lang='lat' dir='ltr'>paullo</span> <span class='ocrx_word' id='word_1_27' title='bbox 679 1133 870 1198; x_wconf 86' lang='lat' dir='ltr'>insolentius</span> <span class='ocrx_word' id='word_1_28' title='bbox 887 1135 1012 1220; x_wconf 90' lang='lat' dir='ltr'>positus</span> <span class='ocrx_word' id='word_1_29' title='bbox 1036 1157 1107 1200; x_wconf 87' lang='lat' dir='ltr'>esse</span> <span class='ocrx_word' id='word_1_30' title='bbox 1121 1138 1154 1221; x_wconf 89' lang='lat'>¹),</span> <span class='ocrx_word' id='word_1_31' title='bbox 1179 1135 1212 1199; x_wconf 92' lang='lat' dir='ltr'>in</span> 
     </span>
     <span class='ocr_line' id='line_1_6' title="bbox 136 1241 1212 1331; baseline -0.001 -25"><span class='ocrx_word' id='word_1_32' title='bbox 136 1241 297 1324; x_wconf 73' lang='lat' dir='ltr'>verbis§</span> <span class='ocrx_word' id='word_1_33' title='bbox 325 1242 386 1306; x_wconf 76' lang='lat'>128</span> <span class='ocrx_word' id='word_1_34' title='bbox 417 1246 471 1329; x_wconf 77' lang='grc' dir='ltr'>τῷ</span> <span class='ocrx_word' id='word_1_35' title='bbox 504 1246 586 1328; x_wconf 81' lang='grc' dir='ltr'>λιμηῦ</span> <span class='ocrx_word' id='word_1_36' title='bbox 618 1243 803 1307; x_wconf 81' lang='grc' dir='ltr'>ἀπέκτειναν</span> <span class='ocrx_word' id='word_1_37' title='bbox 827 1247 884 1324; x_wconf 89' lang='lat' dir='ltr'>(sc.</span> <span class='ocrx_word' id='word_1_38' title='bbox 913 1244 1113 1331; x_wconf 75' lang='grc' dir='ltr'>Παυσανίαν)</span> <span class='ocrx_word' id='word_1_39' title='bbox 1137 1241 1212 1307; x_wconf 90' lang='lat' dir='ltr'>arti-</span> 
     </span>
     <span class='ocr_line' id='line_1_7' title="bbox 138 1347 1213 1432; baseline 0.001 -20"><span class='ocrx_word' id='word_1_40' title='bbox 138 1347 236 1412; x_wconf 83' lang='lat' dir='ltr'>culus</span> <span class='ocrx_word' id='word_1_41' title='bbox 260 1347 341 1412; x_wconf 90' lang='lat' dir='ltr'>nihil</span> <span class='ocrx_word' id='word_1_42' title='bbox 365 1347 465 1412; x_wconf 86' lang='lat' dir='ltr'>habet</span> <span class='ocrx_word' id='word_1_43' title='bbox 494 1348 692 1432; x_wconf 82' lang='lat' dir='ltr'>offensionis,</span> <span class='ocrx_word' id='word_1_44' title='bbox 726 1349 853 1412; x_wconf 87' lang='lat' dir='ltr'>etiamsi</span> <span class='ocrx_word' id='word_1_45' title='bbox 887 1348 1134 1413; x_wconf 86' lang='lat' dir='ltr'>concedendum</span> <span class='ocrx_word' id='word_1_46' title='bbox 1165 1359 1213 1413; x_wconf 88' lang='lat' dir='ltr'>est</span> 
     </span>
     <span class='ocr_line' id='line_1_8' title="bbox 138 1455 1214 1542; baseline -0.002 -22"><span class='ocrx_word' id='word_1_47' title='bbox 138 1455 365 1520; x_wconf 85' lang='lat' dir='ltr'>necessarium</span> <span class='ocrx_word' id='word_1_48' title='bbox 389 1477 463 1520; x_wconf 90' lang='lat' dir='ltr'>eum</span> <span class='ocrx_word' id='word_1_49' title='bbox 487 1477 551 1520; x_wconf 88' lang='lat' dir='ltr'>non</span> <span class='ocrx_word' id='word_1_50' title='bbox 576 1477 657 1522; x_wconf 89' lang='lat' dir='ltr'>esse.</span> <span class='ocrx_word' id='word_1_51' title='bbox 704 1455 922 1542; x_wconf 88' lang='lat' dir='ltr'>explicandus</span> <span class='ocrx_word' id='word_1_52' title='bbox 955 1466 1063 1520; x_wconf 87' lang='lat' dir='ltr'>autem</span> <span class='ocrx_word' id='word_1_53' title='bbox 1096 1465 1145 1520; x_wconf 87' lang='lat' dir='ltr'>est</span> <span class='ocrx_word' id='word_1_54' title='bbox 1168 1455 1214 1519; x_wconf 84' lang='lat' dir='ltr'>ila</span> 
     </span>
     <span class='ocr_line' id='line_1_9' title="bbox 139 1561 1211 1650; baseline 0 -22"><span class='ocrx_word' id='word_1_55' title='bbox 139 1564 223 1644; x_wconf 85' lang='lat' dir='ltr'>fere,</span> <span class='ocrx_word' id='word_1_56' title='bbox 260 1567 367 1650; x_wconf 76' lang='grc' dir='ltr'><strong>111τηῖ</strong></span> <span class='ocrx_word' id='word_1_57' title='bbox 391 1567 472 1650; x_wconf 75' lang='grc' dir='ltr'>λιμῷ</span> <span class='ocrx_word' id='word_1_58' title='bbox 498 1561 626 1628; x_wconf 86' lang='lat' dir='ltr'>dicatur</span> <span class='ocrx_word' id='word_1_59' title='bbox 650 1561 829 1646; x_wconf 80' lang='lat' dir='ltr'>significari</span> <span class='ocrx_word' id='word_1_60' title='bbox 854 1563 967 1646; x_wconf 78' lang='lat' dir='ltr'>fames,</span> <span class='ocrx_word' id='word_1_61' title='bbox 1004 1585 1069 1650; x_wconf 90' lang='lat' dir='ltr'>qua</span> <span class='ocrx_word' id='word_1_62' title='bbox 1092 1563 1211 1628; x_wconf 89' lang='lat' dir='ltr'>Pausa-</span> 
     </span>
     <span class='ocr_line' id='line_1_10' title="bbox 139 1669 1212 1756; baseline 0 -22"><span class='ocrx_word' id='word_1_63' title='bbox 139 1671 233 1736; x_wconf 86' lang='lat' dir='ltr'>niam</span> <span class='ocrx_word' id='word_1_64' title='bbox 249 1670 366 1736; x_wconf 86' lang='lat' dir='ltr'>confici</span> <span class='ocrx_word' id='word_1_65' title='bbox 383 1692 494 1734; x_wconf 86' lang='lat' dir='ltr'>eorum</span> <span class='ocrx_word' id='word_1_66' title='bbox 511 1671 566 1756; x_wconf 93' lang='lat' dir='ltr'>qui</span> <span class='ocrx_word' id='word_1_67' title='bbox 582 1669 777 1736; x_wconf 82' lang='lat' dir='ltr'><strong>obsidebant</strong></span> <span class='ocrx_word' id='word_1_68' title='bbox 805 1669 887 1735; x_wconf 86' lang='lat' dir='ltr'>adeo</span> <span class='ocrx_word' id='word_1_69' title='bbox 904 1671 1065 1735; x_wconf 89' lang='lat' dir='ltr'>neminem</span> <span class='ocrx_word' id='word_1_70' title='bbox 1082 1670 1212 1754; x_wconf 75' lang='lat' dir='ltr'>fugerit.</span> 
     </span>
     <span class='ocr_line' id='line_1_11' title="bbox 138 1776 1213 1864; baseline -0.001 -22"><span class='ocrx_word' id='word_1_71' title='bbox 138 1787 179 1842; x_wconf 85' lang='lat' dir='ltr'>ul</span> <span class='ocrx_word' id='word_1_72' title='bbox 203 1788 317 1842; x_wconf 87' lang='lat' dir='ltr'>contra</span> <span class='ocrx_word' id='word_1_73' title='bbox 341 1777 487 1842; x_wconf 88' lang='lat' dir='ltr'>consulto</span> <span class='ocrx_word' id='word_1_74' title='bbox 503 1777 566 1842; x_wconf 87' lang='lat' dir='ltr'>hee</span> <span class='ocrx_word' id='word_1_75' title='bbox 582 1777 694 1842; x_wconf 89' lang='lat' dir='ltr'>mortis</span> <span class='ocrx_word' id='word_1_76' title='bbox 711 1800 833 1863; x_wconf 81' lang='lat' dir='ltr'>genere</span> <span class='ocrx_word' id='word_1_77' title='bbox 849 1777 940 1842; x_wconf 90' lang='lat' dir='ltr'>illum</span> <span class='ocrx_word' id='word_1_78' title='bbox 956 1778 1065 1864; x_wconf 89' lang='lat' dir='ltr'>perire</span> <span class='ocrx_word' id='word_1_79' title='bbox 1080 1776 1213 1843; x_wconf 86' lang='lat' dir='ltr'>vellent.</span> 
     </span>
     <span class='ocr_line' id='line_1_12' title="bbox 141 1879 1212 1973; baseline -0.001 -23"><span class='ocrx_word' id='word_1_80' title='bbox 141 1887 185 1950; x_wconf 90' lang='lat' dir='ltr'>ef.</span> <span class='ocrx_word' id='word_1_81' title='bbox 211 1883 363 1973; x_wconf 86' lang='lat' dir='ltr'>Thucyd.</span> <span class='ocrx_word' id='word_1_82' title='bbox 388 1885 415 1969; x_wconf 92' lang='grc' dir='ltr'>Ι,</span> <span class='ocrx_word' id='word_1_83' title='bbox 443 1885 515 1969; x_wconf 81' lang='grc'><strong>126,</strong></span> <span class='ocrx_word' id='word_1_84' title='bbox 542 1886 592 1949; x_wconf 91' lang='grc'>10.</span> <span class='ocrx_word' id='word_1_85' title='bbox 641 1885 828 1970; x_wconf 80' lang='lat' dir='ltr'>V11,4‚5.</span> <span class='ocrx_word' id='word_1_86' title='bbox 877 1885 1041 1950; x_wconf 90' lang='lat' dir='ltr'>Demosth.</span> <span class='ocrx_word' id='word_1_87' title='bbox 1066 1879 1212 1970; x_wconf 72' lang='lat' dir='ltr'>XX‚‘42</span> 
     </span>
     <span class='ocr_line' id='line_1_13' title="bbox 143 1993 1212 2080; baseline 0 -23"><span class='ocrx_word' id='word_1_88' title='bbox 143 1997 193 2080; x_wconf 78' lang='grc' dir='ltr'>τῷ</span> <span class='ocrx_word' id='word_1_89' title='bbox 217 1997 300 2080; x_wconf 84' lang='grc' dir='ltr'>λιμηῦ</span> <span class='ocrx_word' id='word_1_90' title='bbox 324 1993 442 2064; x_wconf 82' lang='grc' dir='ltr'>πάντας</span> <span class='ocrx_word' id='word_1_91' title='bbox 465 1994 580 2065; x_wconf 77' lang='grc' dir='ltr'>αὐτοὺς</span> <span class='ocrx_word' id='word_1_92' title='bbox 604 1997 790 2061; x_wconf 80' lang='grc' dir='ltr'>άποδονεῖν.</span> <span class='ocrx_word' id='word_1_93' title='bbox 816 1993 962 2077; x_wconf 86' lang='lat' dir='ltr'>XXVII,</span> <span class='ocrx_word' id='word_1_94' title='bbox 988 1993 1031 2058; x_wconf 84' lang='lat'>63</span> <span class='ocrx_word' id='word_1_95' title='bbox 1053 2017 1093 2080; x_wconf 91' lang='grc' dir='ltr'>με</span> <span class='ocrx_word' id='word_1_96' title='bbox 1164 2017 1212 2080; x_wconf 85' lang='grc' dir='ltr'>τιμ</span> 
     </span>
     <span class='ocr_line' id='line_1_14' title="bbox 143 2099 1211 2188; baseline -0.001 -23"><span class='ocrx_word' id='word_1_97' title='bbox 143 2105 227 2188; x_wconf 74' lang='grc' dir='ltr'>λιμῷ</span> <span class='ocrx_word' id='word_1_98' title='bbox 246 2101 404 2188; x_wconf 78' lang='grc' dir='ltr'>περιεῖδον</span> <span class='ocrx_word' id='word_1_99' title='bbox 421 2102 630 2187; x_wconf 76' lang='grc' dir='ltr'>ἀπολόμενον.</span> <span class='ocrx_word' id='word_1_100' title='bbox 665 2101 795 2186; x_wconf 88' lang='lat' dir='ltr'>saepius</span> <span class='ocrx_word' id='word_1_101' title='bbox 814 2111 921 2166; x_wconf 81' lang='lat' dir='ltr'>tamen</span> <span class='ocrx_word' id='word_1_102' title='bbox 939 2100 1030 2164; x_wconf 85' lang='lat' dir='ltr'>deest</span> <span class='ocrx_word' id='word_1_103' title='bbox 1046 2099 1211 2166; x_wconf 80' lang='lat' dir='ltr'><strong>articulus.</strong></span> 
     </span>
    </p>

    <p class='ocr_par' dir='ltr' id='par_1_5' title="bbox 143 2206 1214 3366">
     <span class='ocr_line' id='line_1_15' title="bbox 234 2206 1208 2296; baseline -0.002 -23"><span class='ocrx_word' id='word_1_104' title='bbox 234 2207 404 2273; x_wconf 86' lang='lat' dir='ltr'>Subtiliter</span> <span class='ocrx_word' id='word_1_105' title='bbox 428 2206 625 2272; x_wconf 80' lang='lat' dir='ltr'>discernitur</span> <span class='ocrx_word' id='word_1_106' title='bbox 648 2208 732 2273; x_wconf 86' lang='lat' dir='ltr'>inter</span> <span class='ocrx_word' id='word_1_107' title='bbox 752 2209 926 2295; x_wconf 70' lang='grc' dir='ltr'>λαμβάνειν</span> <span class='ocrx_word' id='word_1_108' title='bbox 956 2210 1028 2295; x_wconf 82' lang='grc' dir='ltr'>τὴν</span> <span class='ocrx_word' id='word_1_109' title='bbox 1052 2208 1208 2296; x_wconf 75' lang='grc' dir='ltr'>τιμωρίαν</span> 
     </span>
     <span class='ocr_line' id='line_1_16' title="bbox 143 2313 1213 2404; baseline 0 -26"><span class='ocrx_word' id='word_1_110' title='bbox 143 2321 165 2398; x_wconf 66' lang='grc' dir='ltr'>ξ</span> <span class='ocrx_word' id='word_1_111' title='bbox 193 2317 249 2378; x_wconf 96' lang='lat'>111</span> <span class='ocrx_word' id='word_1_112' title='bbox 279 2324 311 2379; x_wconf 86' lang='lat' dir='ltr'>et</span> <span class='ocrx_word' id='word_1_113' title='bbox 335 2315 506 2402; x_wconf 77' lang='grc' dir='ltr'>λαμβάνειν</span> <span class='ocrx_word' id='word_1_114' title='bbox 523 2316 679 2404; x_wconf 82' lang='grc' dir='ltr'>τιμωρίαν</span> <span class='ocrx_word' id='word_1_115' title='bbox 696 2321 737 2399; x_wconf 59' lang='grc' dir='ltr'>ἓξ</span> <span class='ocrx_word' id='word_1_116' title='bbox 763 2317 815 2398; x_wconf 79' lang='grc'>71,</span> <span class='ocrx_word' id='word_1_117' title='bbox 843 2314 927 2380; x_wconf 74' lang='lat'>126:</span> <span class='ocrx_word' id='word_1_118' title='bbox 951 2313 1019 2379; x_wconf 90' lang='lat' dir='ltr'>illic</span> <span class='ocrx_word' id='word_1_119' title='bbox 1042 2313 1128 2378; x_wconf 89' lang='lat' dir='ltr'>enim</span> <span class='ocrx_word' id='word_1_120' title='bbox 1145 2313 1213 2398; x_wconf 83' lang='lat' dir='ltr'>agi-</span> 
     </span>
     <span class='ocr_line' id='line_1_17' title="bbox 144 2421 1213 2509; baseline 0 -24"><span class='ocrx_word' id='word_1_121' title='bbox 144 2432 197 2486; x_wconf 87' lang='lat' dir='ltr'>tur</span> <span class='ocrx_word' id='word_1_122' title='bbox 228 2421 270 2486; x_wconf 89' lang='lat' dir='ltr'>de</span> <span class='ocrx_word' id='word_1_123' title='bbox 303 2443 409 2507; x_wconf 86' lang='lat' dir='ltr'>poena</span> <span class='ocrx_word' id='word_1_124' title='bbox 443 2421 552 2488; x_wconf 87' lang='lat' dir='ltr'>debita</span> <span class='ocrx_word' id='word_1_125' title='bbox 588 2432 743 2509; x_wconf 87' lang='lat' dir='ltr'>certeque</span> <span class='ocrx_word' id='word_1_126' title='bbox 771 2421 956 2487; x_wconf 86' lang='lat' dir='ltr'>constituta.</span> <span class='ocrx_word' id='word_1_127' title='bbox 1004 2430 1102 2508; x_wconf 86' lang='lat' dir='ltr'>atque</span> <span class='ocrx_word' id='word_1_128' title='bbox 1125 2421 1213 2485; x_wconf 90' lang='lat' dir='ltr'>idem</span> 
     </span>
     <span class='ocr_line' id='line_1_18' title="bbox 144 2528 1213 2613; baseline 0.001 -20"><span class='ocrx_word' id='word_1_129' title='bbox 144 2528 321 2596; x_wconf 89' lang='lat' dir='ltr'>dicendum</span> <span class='ocrx_word' id='word_1_130' title='bbox 356 2539 405 2593; x_wconf 76' lang='lat' dir='ltr'>est</span> <span class='ocrx_word' id='word_1_131' title='bbox 436 2529 477 2594; x_wconf 89' lang='lat' dir='ltr'>de</span> <span class='ocrx_word' id='word_1_132' title='bbox 513 2529 650 2594; x_wconf 87' lang='lat' dir='ltr'>articulo</span> <span class='ocrx_word' id='word_1_133' title='bbox 687 2529 810 2594; x_wconf 89' lang='lat' dir='ltr'>nomini</span> <span class='ocrx_word' id='word_1_134' title='bbox 844 2529 988 2593; x_wconf 86' lang='lat' dir='ltr'>criminis</span> <span class='ocrx_word' id='word_1_135' title='bbox 1022 2528 1213 2613; x_wconf 88' lang='lat' dir='ltr'>praemisso.</span> 
     </span>
     <span class='ocr_line' id='line_1_19' title="bbox 143 2634 1213 2725; baseline -0.001 -25"><span class='ocrx_word' id='word_1_136' title='bbox 143 2643 163 2718; x_wconf 69' lang='grc' dir='ltr'><strong>ξ</strong></span> <span class='ocrx_word' id='word_1_137' title='bbox 192 2637 252 2702; x_wconf 78' lang='grc'>117</span> <span class='ocrx_word' id='word_1_138' title='bbox 269 2634 450 2725; x_wconf 80' lang='grc' dir='ltr'>Ἵππαρχον</span> <span class='ocrx_word' id='word_1_139' title='bbox 520 2641 577 2702; x_wconf 89' lang='grc' dir='ltr'>τὸν</span> <span class='ocrx_word' id='word_1_140' title='bbox 592 2639 840 2725; x_wconf 78' lang='grc' dir='ltr'>..ὑπομείναντα</span> <span class='ocrx_word' id='word_1_141' title='bbox 864 2639 923 2724; x_wconf 83' lang='grc' dir='ltr'>τὴν</span> <span class='ocrx_word' id='word_1_142' title='bbox 947 2638 1017 2725; x_wconf 87' lang='grc' dir='ltr'>περί</span> <span class='ocrx_word' id='word_1_143' title='bbox 1044 2640 1112 2724; x_wconf 78' lang='grc' dir='ltr'>τῆς</span> <span class='ocrx_word' id='word_1_144' title='bbox 1136 2660 1213 2724; x_wconf 89' lang='grc' dir='ltr'>προ-</span> 
     </span>
     <span class='ocr_line' id='line_1_20' title="bbox 144 2744 1212 2834; baseline -0.002 -25"><span class='ocrx_word' id='word_1_145' title='bbox 144 2745 319 2816; x_wconf 83' lang='grc' dir='ltr'>δοσίας....</span> <span class='ocrx_word' id='word_1_146' title='bbox 344 2746 447 2832; x_wconf 81' lang='grc' dir='ltr'>κρίσιν</span> <span class='ocrx_word' id='word_1_147' title='bbox 478 2745 550 2828; x_wconf 80' lang='lat' dir='ltr'>(sed</span> <span class='ocrx_word' id='word_1_148' title='bbox 580 2751 599 2828; x_wconf 68' lang='grc' dir='ltr'>ξ</span> <span class='ocrx_word' id='word_1_149' title='bbox 627 2747 686 2809; x_wconf 77' lang='grc'>131</span> <span class='ocrx_word' id='word_1_150' title='bbox 712 2747 783 2834; x_wconf 85' lang='grc' dir='ltr'>περί</span> <span class='ocrx_word' id='word_1_151' title='bbox 807 2746 981 2833; x_wconf 79' lang='grc' dir='ltr'>προδοσίας</span> <span class='ocrx_word' id='word_1_152' title='bbox 1006 2747 1123 2808; x_wconf 78' lang='grc' dir='ltr'>τοῦτον</span> <span class='ocrx_word' id='word_1_153' title='bbox 1141 2744 1212 2832; x_wconf 83' lang='grc' dir='ltr'>κρί-</span> 
     </span>
     <span class='ocr_line' id='line_1_21' title="bbox 145 2851 1213 2940; baseline -0.001 -25"><span class='ocrx_word' id='word_1_154' title='bbox 145 2877 208 2915; x_wconf 85' lang='grc' dir='ltr'>νιον</span> <span class='ocrx_word' id='word_1_155' title='bbox 232 2857 253 2934; x_wconf 64' lang='grc' dir='ltr'><strong>ξ</strong></span> <span class='ocrx_word' id='word_1_156' title='bbox 280 2851 345 2916; x_wconf 90' lang='grc' dir='ltr'>141Ι</span> <span class='ocrx_word' id='word_1_157' title='bbox 365 2854 436 2939; x_wconf 85' lang='grc' dir='ltr'>περί</span> <span class='ocrx_word' id='word_1_158' title='bbox 466 2853 641 2940; x_wconf 80' lang='grc' dir='ltr'>προδοσίας</span> <span class='ocrx_word' id='word_1_159' title='bbox 674 2854 874 2940; x_wconf 83' lang='grc' dir='ltr'>κρίνοντας);</span> <span class='ocrx_word' id='word_1_160' title='bbox 906 2873 1022 2916; x_wconf 88' lang='lat' dir='ltr'>verum</span> <span class='ocrx_word' id='word_1_161' title='bbox 1044 2872 1110 2915; x_wconf 87' lang='lat' dir='ltr'>non</span> <span class='ocrx_word' id='word_1_162' title='bbox 1135 2873 1213 2937; x_wconf 87' lang='lat' dir='ltr'>qua-</span> 
     </span>
     <span class='ocr_line' id='line_1_22' title="bbox 146 2957 1213 3047; baseline 0 -26"><span class='ocrx_word' id='word_1_163' title='bbox 146 2957 220 3023; x_wconf 87' lang='lat' dir='ltr'>drat</span> <span class='ocrx_word' id='word_1_164' title='bbox 236 2957 317 3022; x_wconf 86' lang='lat' dir='ltr'>haee</span> <span class='ocrx_word' id='word_1_165' title='bbox 341 2960 424 3023; x_wconf 87' lang='lat' dir='ltr'>ratio</span> <span class='ocrx_word' id='word_1_166' title='bbox 448 2959 481 3023; x_wconf 89' lang='lat' dir='ltr'>in</span> <span class='ocrx_word' id='word_1_167' title='bbox 507 2959 608 3024; x_wconf 88' lang='lat' dir='ltr'>verba</span> <span class='ocrx_word' id='word_1_168' title='bbox 625 2966 645 3043; x_wconf 65' lang='grc' dir='ltr'><strong><em>ξ</em></strong></span> <span class='ocrx_word' id='word_1_169' title='bbox 665 2961 681 3024; x_wconf 80' lang='lat' dir='ltr'>i</span> <span class='ocrx_word' id='word_1_170' title='bbox 702 2960 911 3030; x_wconf 82' lang='grc' dir='ltr'>δταν....τιλς</span> <span class='ocrx_word' id='word_1_171' title='bbox 928 2964 993 3022; x_wconf 83' lang='grc' dir='ltr'>τῶν</span> <span class='ocrx_word' id='word_1_172' title='bbox 1016 2959 1213 3047; x_wconf 74' lang='grc' dir='ltr'>παρανόνιον</span> 
     </span>
     <span class='ocr_line' id='line_1_23' title="bbox 147 3064 1212 3155; baseline -0.002 -25"><span class='ocrx_word' id='word_1_173' title='bbox 147 3069 268 3154; x_wconf 60' lang='grc' dir='ltr'>γραφὰς</span> <span class='ocrx_word' id='word_1_174' title='bbox 292 3067 452 3155; x_wconf 77' lang='grc' dir='ltr'>δικάζητε,</span> <span class='ocrx_word' id='word_1_175' title='bbox 477 3066 554 3152; x_wconf 86' lang='lat' dir='ltr'>quia</span> <span class='ocrx_word' id='word_1_176' title='bbox 571 3067 623 3130; x_wconf 90' lang='lat' dir='ltr'>hic</span> <span class='ocrx_word' id='word_1_177' title='bbox 640 3089 704 3130; x_wconf 90' lang='lat' dir='ltr'>non</span> <span class='ocrx_word' id='word_1_178' title='bbox 729 3065 912 3132; x_wconf 76' lang='lat' dir='ltr'>adsertam</span> <span class='ocrx_word' id='word_1_179' title='bbox 935 3087 1005 3129; x_wconf 88' lang='lat' dir='ltr'>rem</span> <span class='ocrx_word' id='word_1_180' title='bbox 1028 3064 1212 3150; x_wconf 87' lang='lat' dir='ltr'>respicitur,</span> 
     </span>
     <span class='ocr_line' id='line_1_24' title="bbox 145 3169 1214 3257; baseline -0.001 -21"><span class='ocrx_word' id='word_1_181' title='bbox 145 3171 203 3236; x_wconf 84' lang='lat' dir='ltr'>sed</span> <span class='ocrx_word' id='word_1_182' title='bbox 238 3172 272 3236; x_wconf 91' lang='lat' dir='ltr'>in</span> <span class='ocrx_word' id='word_1_183' title='bbox 308 3171 498 3237; x_wconf 82' lang='lat' dir='ltr'>uuiversum</span> <span class='ocrx_word' id='word_1_184' title='bbox 536 3194 640 3257; x_wconf 85' lang='lat' dir='ltr'>genus</span> <span class='ocrx_word' id='word_1_185' title='bbox 677 3171 867 3256; x_wconf 83' lang='lat' dir='ltr'>designatur</span> <span class='ocrx_word' id='word_1_186' title='bbox 903 3169 1070 3255; x_wconf 85' lang='lat' dir='ltr'>(exempla</span> <span class='ocrx_word' id='word_1_187' title='bbox 1108 3171 1214 3236; x_wconf 82' lang='lat' dir='ltr'>adfert</span> 
     </span>
     <span class='ocr_line' id='line_1_25' title="bbox 145 3277 1168 3366; baseline 0.003 -24"><span class='ocrx_word' id='word_1_188' title='bbox 145 3279 312 3344; x_wconf 87' lang='lat' dir='ltr'>Maetzner</span> <span class='ocrx_word' id='word_1_189' title='bbox 336 3279 432 3344; x_wconf 89' lang='lat' dir='ltr'>adh.</span> <span class='ocrx_word' id='word_1_190' title='bbox 458 3279 478 3344; x_wconf 91' lang='lat' dir='ltr'>l.</span> <span class='ocrx_word' id='word_1_191' title='bbox 504 3281 544 3345; x_wconf 86' lang='lat' dir='ltr'>ef.</span> <span class='ocrx_word' id='word_1_192' title='bbox 574 3277 784 3363; x_wconf 83' lang='lat' dir='ltr'>Frohberger</span> <span class='ocrx_word' id='word_1_193' title='bbox 808 3277 851 3342; x_wconf 87' lang='lat' dir='ltr'>ad</span> <span class='ocrx_word' id='word_1_194' title='bbox 874 3277 954 3366; x_wconf 90' lang='lat' dir='ltr'>Lys.</span> <span class='ocrx_word' id='word_1_195' title='bbox 978 3277 1075 3361; x_wconf 87' lang='lat' dir='ltr'>XIX,</span> <span class='ocrx_word' id='word_1_196' title='bbox 1100 3278 1168 3360; x_wconf 87' lang='grc'>60.)</span> 
     </span>
    </p>

    <p class='ocr_par' dir='ltr' id='par_1_6' title="bbox 145 3383 1213 3899">
     <span class='ocr_line' id='line_1_26' title="bbox 235 3383 1213 3472; baseline -0.003 -21"><span class='ocrx_word' id='word_1_197' title='bbox 235 3385 418 3451; x_wconf 88' lang='lat' dir='ltr'>Permirum</span> <span class='ocrx_word' id='word_1_198' title='bbox 443 3395 490 3450; x_wconf 76' lang='lat' dir='ltr'>est</span> <span class='ocrx_word' id='word_1_199' title='bbox 513 3386 688 3451; x_wconf 86' lang='lat' dir='ltr'>offendisse</span> <span class='ocrx_word' id='word_1_200' title='bbox 711 3384 883 3450; x_wconf 88' lang='lat' dir='ltr'>nonnullos</span> <span class='ocrx_word' id='word_1_201' title='bbox 909 3383 1014 3472; x_wconf 87' lang='lat' dir='ltr'>(velut</span> <span class='ocrx_word' id='word_1_202' title='bbox 1030 3383 1213 3468; x_wconf 88' lang='lat' dir='ltr'>Osannum)</span> 
     </span>
     <span class='ocr_line' id='line_1_27' title="bbox 145 3491 1213 3580; baseline -0.005 -21"><span class='ocrx_word' id='word_1_203' title='bbox 145 3491 317 3559; x_wconf 87' lang='lat' dir='ltr'>articulum</span> <span class='ocrx_word' id='word_1_204' title='bbox 342 3503 417 3558; x_wconf 89' lang='lat' dir='ltr'>ante</span> <span class='ocrx_word' id='word_1_205' title='bbox 441 3496 552 3560; x_wconf 92' lang='grc' dir='ltr'>πολλοί</span> <span class='ocrx_word' id='word_1_206' title='bbox 575 3494 736 3580; x_wconf 84' lang='lat' dir='ltr'>positum:</span> <span class='ocrx_word' id='word_1_207' title='bbox 761 3499 780 3576; x_wconf 65' lang='grc' dir='ltr'>ξ</span> <span class='ocrx_word' id='word_1_208' title='bbox 806 3494 845 3557; x_wconf 87' lang='grc'>19</span> <span class='ocrx_word' id='word_1_209' title='bbox 867 3494 904 3556; x_wconf 84' lang='grc' dir='ltr'>ὃν</span> <span class='ocrx_word' id='word_1_210' title='bbox 927 3493 1083 3578; x_wconf 80' lang='grc' dir='ltr'>καίὺμῶν</span> <span class='ocrx_word' id='word_1_211' title='bbox 1108 3491 1213 3556; x_wconf 79' lang='grc' dir='ltr'>ἴσασιν</span> 
     </span>
     <span class='ocr_line' id='line_1_28' title="bbox 145 3600 1212 3690; baseline 0 -26"><span class='ocrx_word' id='word_1_212' title='bbox 145 3602 183 3665; x_wconf 85' lang='grc' dir='ltr'>οί</span> <span class='ocrx_word' id='word_1_213' title='bbox 205 3602 315 3666; x_wconf 90' lang='grc' dir='ltr'>πολλοί</span> <span class='ocrx_word' id='word_1_214' title='bbox 340 3603 582 3690; x_wconf 73' lang='grc' dir='ltr'>κατηγοροῦντα</span> <span class='ocrx_word' id='word_1_215' title='bbox 606 3605 675 3665; x_wconf 91' lang='grc' dir='ltr'>πτλ.</span> <span class='ocrx_word' id='word_1_216' title='bbox 712 3607 731 3683; x_wconf 63' lang='grc' dir='ltr'>ἓ</span> <span class='ocrx_word' id='word_1_217' title='bbox 757 3601 777 3664; x_wconf 88' lang='lat'><strong>3</strong></span> <span class='ocrx_word' id='word_1_218' title='bbox 806 3600 988 3686; x_wconf 72' lang='grc' dir='ltr'>ἐβουλόμην</span> <span class='ocrx_word' id='word_1_219' title='bbox 1011 3600 1110 3663; x_wconf 77' lang='grc' dir='ltr'>δ’άν..</span> <span class='ocrx_word' id='word_1_220' title='bbox 1125 3649 1131 3662; x_wconf 91' lang='grc'><strong>.</strong></span> <span class='ocrx_word' id='word_1_221' title='bbox 1146 3603 1212 3686; x_wconf 84' lang='grc' dir='ltr'>ριλ-</span> 
     </span>
     <span class='ocr_line' id='line_1_29' title="bbox 145 3703 1213 3796; baseline -0.003 -25"><span class='ocrx_word' id='word_1_222' title='bbox 145 3708 322 3795; x_wconf 77' lang='grc' dir='ltr'>άνδρωπον</span> <span class='ocrx_word' id='word_1_223' title='bbox 338 3710 416 3773; x_wconf 72' lang='grc' dir='ltr'>αὐτὸ</span> <span class='ocrx_word' id='word_1_224' title='bbox 434 3710 519 3796; x_wconf 79' lang='grc' dir='ltr'>παρὰ</span> <span class='ocrx_word' id='word_1_225' title='bbox 536 3715 601 3779; x_wconf 80' lang='grc' dir='ltr'>τοῖς</span> <span class='ocrx_word' id='word_1_226' title='bbox 624 3711 750 3779; x_wconf 78' lang='grc' dir='ltr'>πολλοῖς</span> <span class='ocrx_word' id='word_1_227' title='bbox 775 3708 980 3795; x_wconf 71' lang='grc' dir='ltr'>ὑπειλῆφθαι.</span> <span class='ocrx_word' id='word_1_228' title='bbox 1006 3703 1213 3770; x_wconf 84' lang='lat' dir='ltr'>notissimum</span> 
     </span>
     <span class='ocr_line' id='line_1_30' title="bbox 145 3811 1213 3899; baseline 0.002 -21"><span class='ocrx_word' id='word_1_229' title='bbox 145 3825 194 3878; x_wconf 87' lang='lat' dir='ltr'>est</span> <span class='ocrx_word' id='word_1_230' title='bbox 227 3817 315 3878; x_wconf 88' lang='lat' dir='ltr'>enim</span> <span class='ocrx_word' id='word_1_231' title='bbox 349 3815 381 3877; x_wconf 84' lang='lat' dir='ltr'>oi</span> <span class='ocrx_word' id='word_1_232' title='bbox 414 3816 525 3879; x_wconf 76' lang='lat' dir='ltr'>rullei</span> <span class='ocrx_word' id='word_1_233' title='bbox 559 3837 618 3899; x_wconf 84' lang='lat' dir='ltr'>pro</span> <span class='ocrx_word' id='word_1_234' title='bbox 654 3815 685 3877; x_wconf 91' lang='grc' dir='ltr'>οί</span> <span class='ocrx_word' id='word_1_235' title='bbox 717 3818 857 3880; x_wconf 82' lang='grc' dir='ltr'>πλεῖστοι</span> <span class='ocrx_word' id='word_1_236' title='bbox 882 3812 958 3881; x_wconf 80' lang='lat' dir='ltr'>diei,</span> <span class='ocrx_word' id='word_1_237' title='bbox 983 3811 1022 3878; x_wconf 88' lang='lat' dir='ltr'>ef.</span> <span class='ocrx_word' id='word_1_238' title='bbox 1047 3811 1213 3880; x_wconf 85' lang='lat' dir='ltr'>Demosth.</span> 
     </span>
    </p>
   </div>
   <div class='ocr_carea' id='block_1_4' title="bbox 144 3917 1210 4004">
    <p class='ocr_par' dir='ltr' id='par_1_7' title="bbox 144 3917 1210 4004">
     <span class='ocr_line' id='line_1_31' title="bbox 144 3917 1210 4004; baseline 0 -20"><span class='ocrx_word' id='word_1_239' title='bbox 144 3921 240 3992; x_wconf 84' lang='lat' dir='ltr'>VIII.</span> <span class='ocrx_word' id='word_1_240' title='bbox 260 3923 288 3987; x_wconf 93' lang='lat'>1.</span> <span class='ocrx_word' id='word_1_241' title='bbox 326 3921 482 3986; x_wconf 79' lang='lat' dir='ltr'>Aeschiu</span> <span class='ocrx_word' id='word_1_242' title='bbox 501 3922 546 4004; x_wconf 94' lang='grc' dir='ltr'>ΙΙ,</span> <span class='ocrx_word' id='word_1_243' title='bbox 566 3921 615 3985; x_wconf 79' lang='grc'>17.</span> <span class='ocrx_word' id='word_1_244' title='bbox 633 3920 693 4003; x_wconf 84' lang='grc' dir='ltr'>ΙΧ,</span> <span class='ocrx_word' id='word_1_245' title='bbox 711 3920 762 3985; x_wconf 87' lang='grc'>66.</span> <span class='ocrx_word' id='word_1_246' title='bbox 801 3919 959 3984; x_wconf 89' lang='lat' dir='ltr'>Kuehner</span> <span class='ocrx_word' id='word_1_247' title='bbox 982 3921 999 4002; x_wconf 66' lang='grc' dir='ltr'>ξ</span> <span class='ocrx_word' id='word_1_248' title='bbox 1020 3918 1094 4002; x_wconf 76' lang='grc'>466,</span> <span class='ocrx_word' id='word_1_249' title='bbox 1110 3920 1161 4001; x_wconf 91' lang='grc'>11,</span> <span class='ocrx_word' id='word_1_250' title='bbox 1180 3917 1210 3984; x_wconf 89' lang='lat' dir='ltr'>b.</span> 
     </span>
    </p>
   </div>
   <div class='ocr_carea' id='block_1_5' title="bbox 146 4099 1212 4442">
    <p class='ocr_par' dir='ltr' id='par_1_8' title="bbox 146 4099 1212 4442">
     <span class='ocr_line' id='line_1_32' title="bbox 239 4099 1212 4168; baseline -0.007 -13"><span class='ocrx_word' id='word_1_251' title='bbox 239 4101 257 4168; x_wconf 88' lang='lat'>¹)</span> <span class='ocrx_word' id='word_1_252' title='bbox 277 4103 354 4156; x_wconf 81' lang='lat' dir='ltr'>haud</span> <span class='ocrx_word' id='word_1_253' title='bbox 383 4103 441 4156; x_wconf 87' lang='lat' dir='ltr'>scio</span> <span class='ocrx_word' id='word_1_254' title='bbox 470 4119 506 4155; x_wconf 84' lang='lat' dir='ltr'>an</span> <span class='ocrx_word' id='word_1_255' title='bbox 535 4101 708 4156; x_wconf 84' lang='lat' dir='ltr'>adferendus</span> <span class='ocrx_word' id='word_1_256' title='bbox 737 4101 774 4153; x_wconf 83' lang='lat' dir='ltr'>sil</span> <span class='ocrx_word' id='word_1_257' title='bbox 802 4099 848 4152; x_wconf 86' lang='lat' dir='ltr'>hie</span> <span class='ocrx_word' id='word_1_258' title='bbox 875 4099 971 4153; x_wconf 88' lang='lat' dir='ltr'>loeus:</span> <span class='ocrx_word' id='word_1_259' title='bbox 999 4099 1066 4166; x_wconf 81' lang='lat'>§65</span> <span class='ocrx_word' id='word_1_260' title='bbox 1087 4099 1212 4152; x_wconf 74' lang='grc' dir='ltr'>θάνατον</span> 
     </span>
     <span class='ocr_line' id='line_1_33' title="bbox 146 4186 1212 4263; baseline -0.005 -18"><span class='ocrx_word' id='word_1_261' title='bbox 146 4190 257 4263; x_wconf 82' lang='grc' dir='ltr'>ἐποίησε</span> <span class='ocrx_word' id='word_1_262' title='bbox 272 4188 322 4262; x_wconf 82' lang='grc' dir='ltr'>τὴν</span> <span class='ocrx_word' id='word_1_263' title='bbox 337 4195 449 4262; x_wconf 83' lang='grc' dir='ltr'>ζημίαν,</span> <span class='ocrx_word' id='word_1_264' title='bbox 464 4192 540 4261; x_wconf 87' lang='lat' dir='ltr'>quia,</span> <span class='ocrx_word' id='word_1_265' title='bbox 554 4196 673 4261; x_wconf 84' lang='lat' dir='ltr'>quatum</span> <span class='ocrx_word' id='word_1_266' title='bbox 687 4189 781 4257; x_wconf 87' lang='lat' dir='ltr'>video,</span> <span class='ocrx_word' id='word_1_267' title='bbox 795 4205 887 4259; x_wconf 86' lang='lat' dir='ltr'>paene</span> <span class='ocrx_word' id='word_1_268' title='bbox 902 4189 1007 4242; x_wconf 84' lang='lat' dir='ltr'>totiens</span> <span class='ocrx_word' id='word_1_269' title='bbox 1022 4188 1050 4240; x_wconf 91' lang='lat' dir='ltr'>in</span> <span class='ocrx_word' id='word_1_270' title='bbox 1072 4186 1212 4241; x_wconf 83' lang='lat' dir='ltr'>similibus</span> 
     </span>
     <span class='ocr_line' id='line_1_34' title="bbox 146 4275 1208 4351; baseline -0.004 -17"><span class='ocrx_word' id='word_1_271' title='bbox 146 4279 329 4335; x_wconf 85' lang='lat' dir='ltr'>substantivo</span> <span class='ocrx_word' id='word_1_272' title='bbox 344 4284 430 4351; x_wconf 87' lang='grc' dir='ltr'>ζημία</span> <span class='ocrx_word' id='word_1_273' title='bbox 444 4281 560 4334; x_wconf 84' lang='lat' dir='ltr'>additur</span> <span class='ocrx_word' id='word_1_274' title='bbox 574 4279 720 4344; x_wconf 80' lang='lat' dir='ltr'>articulus,</span> <span class='ocrx_word' id='word_1_275' title='bbox 735 4279 867 4350; x_wconf 89' lang='lat' dir='ltr'>quotiens</span> <span class='ocrx_word' id='word_1_276' title='bbox 881 4277 1032 4331; x_wconf 81' lang='lat' dir='ltr'>omittitur.</span> <span class='ocrx_word' id='word_1_277' title='bbox 1070 4275 1106 4331; x_wconf 86' lang='lat' dir='ltr'>cf.</span> <span class='ocrx_word' id='word_1_278' title='bbox 1121 4275 1208 4330; x_wconf 84' lang='lat' dir='ltr'>Froh·</span> 
     </span>
     <span class='ocr_line' id='line_1_35' title="bbox 147 4369 496 4442; baseline -0.006 -18"><span class='ocrx_word' id='word_1_279' title='bbox 147 4370 249 4441; x_wconf 86' lang='lat' dir='ltr'>berger</span> <span class='ocrx_word' id='word_1_280' title='bbox 269 4371 305 4424; x_wconf 84' lang='lat' dir='ltr'>ad</span> <span class='ocrx_word' id='word_1_281' title='bbox 324 4369 392 4442; x_wconf 85' lang='lat' dir='ltr'>Lys.</span> <span class='ocrx_word' id='word_1_282' title='bbox 412 4369 434 4440; x_wconf 90' lang='grc' dir='ltr'>Ι,</span> <span class='ocrx_word' id='word_1_283' title='bbox 454 4369 496 4424; x_wconf 88' lang='grc'>33.</span> 
     </span>
    </p>
   </div>
   <div class='ocr_carea' id='block_1_6' title="bbox 0 0 1570 4930">
    <p class='ocr_par' dir='ltr' id='par_1_9' title="bbox 0 0 1570 4930">
     <span class='ocr_line' id='line_1_36' title="bbox 0 0 1570 4930; baseline 0 0"><span class='ocrx_word' id='word_1_284' title='bbox 0 0 1570 4930; x_wconf 95' lang='lat' dir='ltr'> </span> 
     </span>
    </p>
   </div>
  </div>
 </body>
</html>
