3120 4930
711 491 932 554 -42-

290 687 418 772 μόνον)
445 691 518 748 τῶν
552 689 679 749 ἄλλων
703 692 847 773 ποιητῶν
871 684 958 770 quod
982 684 1127 749 breviter
1152 683 1270 749 dicitur
1296 703 1360 770 pro

290 793 392 878 μόνον
417 801 475 874 (sc.
493 789 654 880 ‘ll‘rrq‘poul
679 793 728 856 καὶ
753 791 882 863 οὐδενὸς
900 798 964 856 τῶν
988 795 1092 857 ἄλλων
1117 799 1260 880 ποιητῶν
1284 795 1302 858 i.
1330 815 1362 856 e.

289 897 433 962 ‘Homeri
463 898 563 963 solius
595 921 702 984 neque
727 909 908 962 ceterorum
947 899 1138 984 cuiusquam
1170 901 1364 984 poetarum‘

291 1005 441 1090 exempla
465 1005 667 1089 collegerunt
691 1005 860 1070 Rcbdantz
885 1005 928 1070 ad
952 1011 971 1085 ξ
997 1007 1037 1072 67
1063 1004 1221 1092 (append.
1238 1007 1299 1094 ΙΙ.)
1326 1017 1362 1070 et

292 1113 499 1198 Frohborger
522 1112 574 1177 ad.
600 1112 677 1198 Lys
702 1113 795 1196 XIV,
823 1115 839 1178 l
866 1113 955 1177 etin
979 1112 1123 1199 append·
1146 1116 1190 1198 (p.
1219 1113 1306 1200 141).

379 1221 500 1302 Restat,
525 1230 561 1284 ut
585 1218 740 1285 nonnulla
764 1221 923 1286 addamus
1057 1217 1061 1224 ’

562 1371 612 1436 de
635 1371 722 1436 iota
745 1347 1085 1436 demonstrativo

289 1521 377 1610 quod
415 1535 534 1587 vocant
571 1527 667 1610 (ἰῶτα
706 1525 876 1612 δεικτικὸν)
916 1522 1070 1610 quoniam
1109 1520 1359 1608 pronominibus

290 1631 491 1716 potissimum
525 1631 755 1720 adiungitur¹).
812 1631 899 1718 quod
934 1631 1000 1696 iota
1037 1636 1179 1715 (semper
1214 1642 1357 1694 accentu

289 1743 448 1821 notatum)
473 1748 646 1802 revoc-atur
662 1736 704 1801 ad
727 1760 779 1801 res
796 1737 849 1801 vel
866 1759 1032 1823 personata,
1058 1759 1142 1823 quac
1166 1745 1222 1801 aut
1240 1736 1364 1800 adsunt

289 1855 344 1910 aut
368 1857 534 1932 tamquam
558 1853 745 1930 praesentes
769 1845 946 1930 tinguntur.
995 1866 1175 1930 quaecum
1204 1844 1250 1907 ita
1278 1844 1358 1928 sint,

290 1963 420 2038 practer
444 1952 586 2017 comicos
610 1962 642 2016 et
666 1951 835 2016 Platonem
858 1952 891 2015 in
917 1950 1067 2035 dialogis,
1098 1949 1186 2036 apud
1218 1973 1298 2036 quon
1324 1962 1363 2015 ut

277 2058 452 2123 ¹communi
491 2058 634 2123 sermoni
673 2059 871 2124 conveniens
905 2080 1064 2144 persaepe
1097 2057 1272 2140 invenitur,
1313 2081 1358 2122 ex

289 2165 472 2230 oratoribus
488 2165 651 2230 iudicialis
668 2165 811 2230 maxime
835 2157 970 2250 generis
982 2151 1132 2229 auctores
1148 2187 1186 2228 eo
1211 2175 1358 2248 utuntur,

288 2273 410 2360 quippe
435 2273 490 2359 qui
515 2271 762 2358 pronominibus
786 2273 833 2336 sio
857 2272 1003 2337 formatis
1029 2271 1236 2337 adversarios
1261 2272 1358 2358 quasi

289 2380 400 2465 digitis
425 2388 612 2446 monstrent.
645 2401 707 2466 quo
733 2379 777 2462 fit,
804 2390 838 2442 ut
862 2378 1037 2468 Lyeurgus
1054 2378 1159 2462 magis
1176 2379 1361 2464 frequentet

288 2486 472 2552 huiusmodi
497 2486 660 2551 vocabula
684 2509 782 2573 quam
805 2485 1164 2571 Isocrates=tcxcrnpla
1188 2508 1356 2570 compara-

288 2595 335 2674 vit
373 2593 571 2658 Hofmcister
604 2593 696 2681 1.1,).
734 2592 851 2679 quodsi
883 2592 1077 2682 Lycurgum
1110 2615 1184 2656 curu
1224 2592 1362 2678 reliquis

289 2700 471 2766 oratoribus
496 2723 677 2786 comparas,
711 2699 854 2764 medium
889 2700 1046 2787 quiddam
1079 2699 1247 2785 sequitur:
1280 2699 1358 2762 Hof-

287 2808 428 2888 meister,
454 2807 509 2894 qui
528 2806 562 2892 (l.
588 2807 622 2890 1.)
648 2816 719 2870 octo
745 2806 896 2893 exempla
920 2806 1009 2892 apud
1034 2829 1107 2870 eum
1131 2803 1272 2870 inveniri
1296 2803 1353 2869 ad-

288 2915 404 3001 firmat,
428 2915 685 2998 fragmentorum
709 2913 831 2978 nullam
855 2914 1013 2979 rationem
1037 2912 1190 2986 habuisse
1214 2911 1357 2997 videtur,

288 3045 371 3108 <quae
388 3022 415 3086 si
432 3021 727 3107 comprehenderis,
752 3044 870 3087 novem
894 3022 1092 3105 efficientur;
1117 3021 1248 3086 sexiens
1272 3021 1361 3085 enim

287 3129 462 3216 Lyeurgus
491 3129 604 3194 οὑτοσί
634 3128 731 3194 habet
756 3134 860 3212 (reum
884 3137 1077 3210 monstrans,
1103 3134 1123 3211 ξ
1149 3129 1201 3211 25,
1227 3129 1279 3212 30,
1303 3128 1358 3205 33,

287 3237 340 3320 52,
364 3237 425 3316 59;
457 3239 545 3321 W),
582 3235 631 3300 bis
665 3237 743 3321 νυνί,
788 3235 866 3321 (fig.
892 3237 943 3299 41.
969 3241 988 3318 §
1012 3235 1078 3319 23),
1113 3235 1212 3299 semel
1236 3236 1360 3300 οὑτωσί

287 3349 321 3432 (ξ
339 3345 405 3425 32).
431 3343 519 3429 quod
543 3344 586 3407 ad
611 3343 859 3409 collocationem
876 3344 989 3408 οὑτοσί
1012 3341 1212 3428 pronominis
1229 3343 1356 3428 attinet,

287 3450 478 3536 plerumque
502 3451 707 3536 postponitur
731 3474 750 3514 a
774 3450 1005 3536 scriptoribus:
1039 3450 1214 3538 Lycurgus
1238 3449 1358 3514 totiens

288 3557 466 3641 praemittit
490 3564 522 3641 (ξ
545 3558 576 3641 2,
601 3559 669 3642 25),
695 3557 843 3644 quotiens
868 3558 1035 3643 postponit
1059 3560 1115 3645 (ἐξ
1140 3558 1194 3642 38,
1218 3559 1274 3640 52)
1292 3571 1314 3642 ).

376 3721 396 3787 ¹)
417 3719 609 3786 Hofmeister‚
627 3717 674 3773 ‘de
700 3720 761 3774 iota
787 3718 955 3774 demonstr?
984 3720 1052 3774 diss.
1080 3719 1177 3790 inaug.
1204 3720 1267 3774 Hal.
1292 3719 1358 3778 Sar.

288 3809 365 3877 1877,
385 3815 488 3880 quater
508 3810 638 3880 quintam
664 3817 776 3879 partem
806 3811 1002 3880 exemplorum
1029 3810 1246 3880 pronominibus
1276 3811 1358 3864 attri-

286 3897 430 3952 buendum
448 3915 510 3952 esse
530 3900 717 3969 computavit.

378 3988 397 4053 ²)
419 3987 455 4041 cf.
475 3987 598 4042 Scheibe
616 3985 776 4042 ‘comment
791 3989 853 4044 crit.
874 3989 909 4042 de
929 3988 1005 4043 Isaei
1019 3995 1105 4043 oratt.
1120 3989 1222 4060 Progr.
1238 3988 1266 4042 d.
1280 3988 1359 4043 Vitz·

286 4082 354 4130 tum.
375 4077 478 4146 Gymu.
498 4076 601 4130 Drcsd.
624 4078 699 4131 1859,
719 4097 745 4148 p.
766 4078 791 4130 9.
822 4108 854 4118 -
885 4078 1001 4132 Frankc
1032 4075 1183 4132 ‘lectiones
1214 4073 1359 4134 Aeschin.'

287 4165 390 4220 Philol.
411 4166 433 4221 Ι.
452 4164 606 4236 Suppltbd.
639 4167 715 4219 1860.
743 4186 769 4236 p.
789 4165 852 4220 468.
877 4198 911 4205 -
942 4166 1034 4222 Cobet
1061 4167 1109 4222 ‘de
1131 4168 1359 4238 artc'intcrpre-

286 4254 374 4308 tandi'
395 4255 489 4325 Lugd.
517 4255 618 4326 Batav.
640 4256 706 4310 1847
727 4276 753 4327 p.
775 4257 817 4323 95,
844 4258 868 4310 si
888 4252 966 4321 οὗτος
985 4257 1107 4311 articulo
1128 4275 1228 4312 carons
1247 4259 1359 4314 nomini

286 4345 402 4417 proprio
423 4345 610 4416 adiungatur,
631 4362 743 4419 semper
763 4343 857 4400 οὑτοσί
874 4347 1057 4402 scribendum
1078 4364 1140 4401 esse
1160 4352 1267 4402 censet.
