3120 4930
715 487 935 554 ...38-

285 683 486 771 οὶναγράρειν.
524 690 543 766 ᾗ
570 684 631 748 126
656 687 798 772 ἔγραψαν
823 687 864 755 εἰς
890 685 948 770 την
972 684 1107 772 στήλην,
1132 684 1181 748 καὶ
1208 682 1360 770 ταύτην

285 794 424 880 ἔστησαν
447 795 511 856 κτλ.
547 830 590 840 -
618 795 637 873 ξ
662 791 702 855 81
728 792 759 854 οἱ
782 792 817 855 di
842 791 1094 879 Πελοποννήσιοι
1119 792 1265 854 τοῦτον
1295 792 1357 878 ρὲν

284 899 456 976 ἀπέδοσαν,
481 899 610 979 γνόντες
626 899 661 962 δὲ
677 898 735 970 ὡς,
747 950 752 961 ,
763 950 769 962 .
780 949 798 976 .,
822 897 1050 985 ἀπεχώρησαν,
1067 897 1123 962 ubi
1141 907 1250 960 orator
1266 896 1356 960 haud

283 1003 382 1068 dubie
406 1013 539 1090 propter
563 1003 763 1068 contrarium
787 1005 916 1086 γνόντες
933 1005 968 1068 δὲ
992 1004 1025 1086 (i.
1044 1027 1070 1069 c.
1089 1005 1180 1068 αὐτοὶ
1205 1005 1240 1068 όὲ
1264 1003 1356 1084 γνόν-

284 1121 346 1194 τες)
371 1132 550 1197 pronomen
575 1115 692 1176 τοῦτον
716 1111 832 1196 posuit.
857 1151 902 1160 -
926 1110 966 1174 de
991 1117 1011 1194 ξ
1036 1111 1077 1174 88
1104 1111 1199 1198 ὑπὲρ
1224 1111 1266 1198 ῆς
1282 1162 1287 1174 .
1305 1160 1310 1172 .
1328 1113 1357 1172 ἐ-

282 1217 474 1296 σπούδαζον,
499 1219 625 1291 δικαίως
651 1217 1079 1307 ταύτην.,ἐκληρονόμουν
1114 1217 1156 1281 cf.
1182 1215 1353 1280 Rehdantz

282 1325 325 1390 ad
348 1325 378 1392 h.
404 1325 423 1389 l.
449 1324 599 1410 exempla
623 1324 761 1389 aliorum
785 1323 964 1388 attulerunt
981 1324 1168 1406 Foertsch¹)
1194 1323 1236 1388 ad
1253 1323 1348 1410 Lysi·

282 1456 345 1516 ain,
370 1431 575 1496 Schoeinann
599 1431 642 1495 ad
666 1433 796 1498 Isaeum
821 1431 912 1516 (edit.
931 1456 961 1516 p.
979 1432 1067 1514 229).
1092 1442 1253 1516 usurpant
1277 1454 1347 1496 ora-

284 1550 369 1604 tores
393 1538 439 1603 ibi
463 1539 666 1622 potissimum
702 1541 796 1611 οὖτος
831 1561 890 1624 pro
926 1541 1032 1618 αὐτός,
1068 1537 1124 1602 ubi
1158 1537 1283 1624 aliquid
1308 1538 1351 1601 de

282 1669 339 1710 reo
358 1645 412 1710 vel
436 1646 469 1708 in
502 1646 692 1710 universum
725 1647 765 1709 de
800 1669 839 1709 ea
871 1668 1021 1731 persona,
1060 1646 1100 1708 de
1136 1669 1202 1731 qua
1235 1645 1355 1728 agitur,

283 1752 504 1840 pronuntiant,
539 1775 602 1838 quo
627 1776 687 1816 usu
712 1754 838 1816 efficere
869 1753 992 1837 volunt,
1027 1763 1063 1816 ut
1096 1753 1136 1816 de
1172 1751 1261 1815 nulla
1285 1751 1354 1815 alia

284 1882 425 1946 persona
448 1859 500 1923 vel
525 1881 625 1923 causa
649 1859 795 1943 cogitent
819 1861 848 1923 ei
866 1860 921 1946 qui
939 1859 1102 1946 audirent,
1127 1859 1189 1923 nisi
1215 1858 1255 1923 de
1279 1849 1354 1942 ipsa

254 2001 257 2006 v
284 1989 333 2050 ca,
370 1966 411 2038 de
447 1989 511 2051 qua
545 1965 741 2050 disputatur.
778 1966 866 2050 apud
901 1965 1092 2054 Lycurgum
1127 1975 1235 2028 autern
1259 1963 1357 2028 fluxit

285 2074 347 2136 hoo
372 2071 504 2136 dicendi
539 2093 643 2155 genus
679 2095 721 2136 ex
757 2072 871 2136 eodem
907 2073 1049 2158 augendi
1073 2081 1104 2134 et
1129 2070 1354 2156 amplificandi

285 2179 403 2262 studio,
428 2201 492 2264 quo
518 2178 614 2242 etiarn
639 2178 843 2242 substantiva
868 2193 1016 2264 repetere
1041 2202 1125 2260 eum,
1157 2177 1213 2242 ubi
1239 2199 1355 2264 prono-

286 2309 359 2350 men
386 2292 567 2369 exspectas,
593 2284 867 2369 deprehendimus
892 2290 936 2369 (p.
962 2285 1028 2369 23).

374 2391 512 2477 Saepius
537 2391 634 2456 etiam
660 2401 769 2456 orator
794 2392 888 2463 οὗτος
912 2393 1013 2476 ponit,
1037 2391 1093 2454 ubi
1120 2391 1207 2454 nulio
1224 2390 1354 2454 omnino

283 2499 479 2584 pronomine
505 2520 586 2584 opus
611 2507 669 2582 est,
704 2521 767 2585 quo
791 2498 924 2580 efficiat,
961 2511 1072 2562 utres
1097 2498 1176 2562 satis
1201 2497 1355 2562 distinete

283 2618 315 2669 et
340 2615 493 2669 accurate
517 2605 681 2669 indicatae
705 2604 823 2668 iterum
858 2605 974 2669 animis
999 2604 1184 2690 auditorum
1210 2604 1353 2670 obician-

284 2725 346 2778 tur.
372 2712 443 2776 fieii
467 2711 529 2776 hoc
553 2710 634 2775 solet

372 2825 404 2902 a)
430 2818 821 2904 praecedentibus
852 2819 1141 2912 participiis:
1174 2820 1193 2906 ἓ
1227 2819 1267 2882 21
1295 2821 1352 2882 τὸν

282 2930 446 3017 προδόντα
462 2930 495 2991 ἐν
512 2933 560 3014 τῷ
581 2931 720 3016 πολέμῳ,
741 2927 961 3017 σιτηγήσαντα
978 2929 1014 2991 ds
1030 2930 1115 3015 παρόν
1133 2928 1206 2998 τοὺς
1225 2927 1352 3012 νόμους,

280 3038 325 3122 ρη
343 3037 561 3122 φροντίσαντα
577 3035 627 3100 dd.
638 3087 644 3098 .
655 3087 661 3100 .
672 3088 690 3114 .,
710 3038 854 3108 τοῦτον
872 3037 999 3122 ἔχοντες
1009 3087 1014 3098 .
1026 3086 1032 3098 .
1042 3087 1048 3098 ,
1058 3043 1115 3098 οὐκ
1127 3039 1330 3098 ἀποκτενεῖτε
1338 3056 1352 3110 ,·

282 3149 323 3224 ἐξ
347 3142 399 3224 35,
425 3141 477 3225 82,
504 3142 577 3222 111,
603 3141 706 3225 (131),
734 3141 806 3205 145.
832 3141 873 3206 cf.
897 3141 996 3206 Isocr.
1021 3140 1079 3224 IV,
1097 3143 1148 3205 36.
1182 3137 1353 3205 Demosth.

281 3249 341 3334 VI,
365 3249 418 3314 22.
444 3247 536 3331 VIII,
563 3249 615 3314 56.
640 3247 748 3331 XLII,
778 3250 817 3312 15
841 3256 902 3312 etc.
929 3287 965 3296 -
994 3257 1138 3310 ceterum
1156 3247 1254 3311 etiarn
1278 3253 1353 3309 ante

281 3354 489 3440 participium
523 3359 596 3439 (per
620 3354 785 3439 prolepsin
811 3378 894 3439 [luae
919 3353 1053 3437 dicitur)
1088 3354 1149 3418 hoc
1174 3375 1353 3438 pronomen

281 3486 354 3526 curn
378 3464 412 3524 vi
437 3461 579 3547 quadarn
610 3462 686 3545 poni
717 3461 952 3525 demonstravit
977 3462 1088 3524 Morus
1112 3461 1145 3524 in
1173 3459 1224 3524 ed.
1249 3459 1351 3524 Isocr.

282 3571 444 3656 Panegyr.
471 3592 502 3652 p.
530 3569 570 3656 13
596 3568 661 3651 (ed.
687 3567 808 3652 Spohn.
834 3568 924 3652 Lips.
948 3568 1057 3649 1831).

369 3674 404 3761 b)
429 3673 733 3758 praecedente
757 3675 1084 3739 enuntiatione
1117 3673 1351 3737 relativa:

279 3782 364 3864 §25
393 3784 428 3846 τὰ
461 3783 529 3868 ἱερὰ
564 3783 601 3844 τὰ
635 3786 787 3868 πατρῴα,
816 3783 943 3846 (1....ιοῖ
977 3783 1132 3869 πρόγονοι
1166 3781 1351 3868 παρέδοσαν

278 3893 369 3974 αὐτῇ,
404 3891 538 3971 Ιταῦτα
570 3891 808 3975 μετεπέμψατο,
853 3895 895 3971 §5
918 3888 961 3950 42
989 3893 1034 3970 (v.
1060 3909 1090 3972 p.
1116 3888 1183 3973 21),
1217 3888 1271 3971 46,
1296 3886 1352 3966 93,

282 3995 354 4075 127,
382 3995 453 4058 136.
479 4018 575 4080 quern
600 4017 693 4059 usurn
725 4005 978 4060 consentaneum
1013 4003 1061 4058 est
1085 3994 1131 4059 ibi
1156 3991 1351 4079 praesertim

368 4244 388 4310 ¹)
408 4243 632 4304 Observationes
663 4246 794 4306 criticae
822 4246 850 4303 in
870 4245 976 4321 Lysiae
1005 4247 1160 4311 orationes
1180 4246 1260 4318 Lips.
1281 4245 1349 4306 1821

279 4351 306 4406 p.
327 4333 361 4385 68
380 4349 423 4408 sq.
614 4333 615 4337 ’
