3120 4930
587 499 809 577 ἆ,ιιςώ

164 701 324 774 formulae
348 719 381 774 et
402 709 495 796 quasi
519 729 579 773 usu
603 717 737 774 sanotae
754 717 829 774 sunt
854 710 872 799 ἡ
895 711 997 798 βουλὴ
1024 711 1042 800 ἡ
1068 713 1107 776 ἐν
1130 701 1234 800 Ἀρεόῳ

164 817 259 904 πάγῳ
283 815 387 902 (velut
411 839 462 902 ap.
486 815 654 881 Demosth.
672 815 750 900 XX,
778 815 850 882 157.
875 815 1018 881 Aesehin
1042 807 1069 900 Ι,
1094 816 1146 881 81.
1171 816 1233 901 III,

164 925 220 992 20.
254 925 325 1007 (Pe)
357 922 526 988 Demosth.
557 921 647 1007 LIX,
673 923 747 1006 80);
780 923 797 1012 ἡ
823 926 865 987 ἐν
890 923 994 1011 Ἀρείῳ
1017 923 1109 1010 πόγῳ
1132 923 1234 1014 βουλή

165 1032 261 1121 (Lys.
294 1030 374 1115 XII,
404 1031 457 1098 69.
492 1029 620 1115 XXVI,
653 1031 705 1115 ΙΙ,
732 1031 807 1116 la),
843 1031 860 1120 'i
884 1031 986 1118 βουλὴ
1014 1027 1031 1120 ό
1057 1033 1099 1106 ἐξ
1118 1031 1235 1120 Ἀρείου

164 1139 270 1222 πάγον
303 1138 367 1224 (sio
391 1136 583 1223 plerumque
607 1137 754 1202 scribunt
777 1137 945 1202 Demosth.
970 1137 1125 1202 Aeschin.
1165 1139 1235 1226 Hy-

162 1245 294 1332 perid.),
321 1243 338 1334 ἡ
365 1247 379 1309 ἐ
389 1248 407 1320 ξ
420 1245 536 1333 Ἀρείου
553 1268 584 1309 π.
600 1247 631 1330 β.
650 1243 827 1328 (invenitur
843 1243 1047 1332 potissimum
1062 1267 1115 1330 ap.
1133 1245 1234 1310 Isoor.
1291 1255 1293 1268 ’

163 1364 198 1416 et
233 1352 402 1436 Dinaroh.)
437 1390 480 1400 .„
513 1374 556 1416 ex
591 1351 695 1416 altera
728 1361 822 1438 parte
853 1353 1053 1439 praepositio
1081 1357 1114 1418 ἐν
1137 1353 1236 1418 valde

164 1482 282 1524 vereor
311 1481 352 1524 ne
383 1467 469 1523 stare
494 1481 559 1524 non
587 1459 690 1544 possit
713 1459 774 1523 hoo
799 1457 888 1527 loeo:
913 1464 934 1543 ὅ
957 1459 1000 1526 39
1024 1462 1111 1550 όρόὴ
1137 1463 1172 1525 ds
1197 1459 1237 1549 ἦν

168 1567 187 1656 ἡ
212 1569 299 1640 πόλις
324 1569 365 1631 ἐν
382 1572 448 1640 τοῖς
464 1569 715 1656 συμβεβηκόσιν,
732 1589 930 1654 quamquam
945 1567 1103 1632 Kuehnor
1120 1573 1154 1652 (ἓ
1170 1567 1232 1633 431

164 1696 198 1758 p.
224 1673 299 1757 403)
323 1673 542 1758 patrocinium
573 1673 642 1740 eius
677 1673 845 1758 suseep1t.‘
862 1677 959 1737 immo
983 1695 1061 1738 vero
1086 1675 1135 1738 ἐπὶ
1158 1673 1189 1740 h.
1214 1673 1235 1738 I.

167 1802 243 1844 oum
266 1779 420 1844 Bekkero
445 1802 484 1844 ao
518 1779 684 1867 plerisque
716 1779 895 1846 editoribus
918 1780 1142 1866 reponendum
1166 1801 1236 1846 esse

167 1909 240 1951 non.
257 1885 359 1952 solum
384 1887 523 1952 efficitur
554 1885 790 1952 consuetudine
814 1886 1032 1972 Graecorum,
1067 1911 1132 1975 qua
1164 1896 1238 1974 post

167 1995 354 2060 adfectuum
377 1993 481 2059 verba
514 1996 562 2060 ἐπὶ
593 2007 729 2080 ponunt,
763 1993 821 2074 sed
845 1994 977 2078 suadet,
1002 2003 1037 2059 ut
1062 1995 1110 2059 sio
1134 1994 1236 2060 sriba-

168 2124 249 2186 mus,
274 2101 374 2184 etiarn
393 2101 484 2166 loeus
500 2100 655 2166 Isooratis
671 2100 871 2166 simillimus:
896 2101 937 2186 V,
964 2102 1006 2167 70
1029 2103 1089 2189 τὴν
1112 2101 1237 2168 Ἑλλόόα

169 2215 272 2275 πᾶσαν
296 2209 404 2297 ὀρθὴν
428 2209 529 2274 οὖσαν
554 2209 606 2296 ἐρ’
631 2212 677 2280 οἷς
700 2210 740 2273 σὺ
765 2209 931 2298 τυγχάνεις
955 2208 1192 2298 εἰσηγούμενος.

258 2315 312 2380 Ad
347 2314 592 2380 similitudinem
629 2316 698 2380 eius
737 2315 997 2400 significationis
1034 2339 1118 2402 quae
1153 2316 1238 2380 inest

168 2423 400 2510 praepositioni
425 2426 458 2487 ἐν
482 2425 560 2506 §27
586 2425 714 2511 ἔχοντες
738 2425 778 2487 ἐν
803 2427 842 2512 τῇ
867 2424 1007 2512 ὑμετέρῳ
1029 2422 1130 2512 ῳήῳῳ
1153 2421 1190 2509 (i.
1209 2445 1236 2488 e.

167 2529 216 2598 ‘ao
237 2555 279 2596 no
304 2539 351 2596 est
384 2530 516 2618 quidem
539 2530 573 2594 in
598 2537 756 2618 potestate
780 2537 891 2594 vestra
913 2529 1071 2595 habentes
1094 2529 1137 2594 ad
1162 2552 1236 2595 oon-

169 2638 388 2704 damnandum
413 2645 446 2702 et
468 2636 760 2724 absolvendum’)¹)
784 2636 881 2702 etiam
905 2637 983 2720 §52
1007 2639 1077 2702 οὐδ’
1101 2640 1140 2701 ἐν
1165 2637 1237 2724 όρῖν

169 2747 256 2810 ἐστίν
280 2745 315 2829 (i.
333 2767 361 2810 e.
384 2743 434 2809 ‘ao
458 2767 499 2810 ne
523 2754 573 2809 est
597 2743 729 2831 quidem
754 2744 787 2808 in
812 2751 971 2831 potestate
994 2744 1114 2809 vestra'
1139 2766 1164 2809 s.
1187 2742 1236 2808 ‘ne

168 2860 233 2916 stat
265 2851 396 2939 quidem
427 2875 487 2937 per
510 2853 596 2938 vos')
621 2851 743 2916 diotum
769 2873 840 2916 osse
864 2861 952 2938 puto.
982 2851 1038 2916 sio¹
1053 2851 1138 2916 enim
1164 2871 1237 2916 eum

169 2958 312 3047 Tayloro
336 2958 546 3024 scribendum
580 2959 659 3024 mihi
683 2959 814 3030 videtur
837 2982 895 3045 pro
919 2958 1076 3024 librorum
1100 2958 1238 3024 lectione

169 3067 287 3130 οόόὲν
311 3066 383 3153 όρῖν
407 3067 503 3131 ἐστίν.
529 3067 570 3130 of.
594 3065 729 3151 Antiph,
754 3065 780 3152 I,
802 3066 846 3130 22
870 3069 909 3130 ἐν
933 3067 1006 3154 όρῖν
1030 3067 1126 3130 τοῦτό
1152 3068 1238 3130 ἐστιν

168 3174 279 3260 ὀρθῶς
303 3175 483 3256 διαγνῶναι.
509 3172 550 3255 V,
575 3174 627 3239 89.
667 3173 795 3237 Andoo.
820 3172 883 3254 III,
906 3173 947 3238 41
975 3173 1100 3238 τούτων
1123 3174 1238 3239 δ’ἐστὶν

169 3281 206 3345 τό
231 3279 320 3352 τέλος
343 3280 415 3368 παρ’
433 3281 515 3368 όρῖν,
539 3283 607 3346 ἀλλ’
629 3289 687 3345 οὐκ
711 3283 750 3344 ἐν
766 3281 1034 3368 Λακεδαιμονίοις.
1058 3280 1138 3368 Lys.
1155 3279 1182 3363 Ι,
1195 3279 1239 3346 34

168 3389 208 3451 ἒν
233 3388 305 3473 ὑμῖν
341 3388 450 3467 ἐστίν,
486 3389 625 3476 πότερον
659 3389 723 3478 χριρΙ
759 3392 823 3453 κτλ.
861 3387 1029 3452 Demosth.
1053 3387 1148 3471 XXI,
1174 3387 1237 3452 227

167 3493 261 3558 πάντ’
292 3497 378 3560 ἐστὶν
412 3498 426 3559 ἐ
434 3520 450 3558 ν
476 3495 855 3584 όρϊν...όιατιρόξασόαι.
904 3517 988 3581 quae
1012 3494 1164 3582 exempla
1187 3515 1226 3558 su

166 3624 412 3687 porvaoaneum
436 3625 507 3669 osso
523 3603 707 3690 ostendunt,
733 3605 820 3691 quod
836 3603 971 3669 Bekker
994 3604 1145 3691 oonieoit,
1170 3605 1238 3670 οὐδ’

168 3711 223 3800 ἐρ’
259 3713 331 3798 όρῖν
366 3712 464 3791 ἐστίν,
498 3719 534 3776 ut
569 3712 715 3777 omittam
749 3712 876 3777 Reiskii
911 3713 1133 3778 oonieoturam
1168 3712 1237 3778 οὐδ’

169 3820 330 3883 ἔνεστιν
354 3821 438 3907 ὑμῖν.

259 3925 347 3991 Looo
364 3927 618 4014 praepositionis
642 3929 730 4010 σόν,
755 3951 820 4016 qua
836 3951 909 3994 oum
925 3927 1088 4016 plerisque
1105 3928 1239 3994 oratori·

168 4031 231 4098 bus
254 4055 421 4121 nunquam
445 4035 546 4100 utitur
569 4035 746 4124 Lyeurgus
769 4036 833 4102 nisi
856 4037 889 4101 in
914 4036 1113 4122 compositis,
1147 4058 1238 4102 usur-

261 4283 282 4350 1)
301 4284 376 4338 idem
392 4284 471 4340 valet
485 4290 572 4356 atque
586 4286 625 4352 id,
644 4285 721 4356 quod
741 4286 812 4340 dioit
832 4285 874 4349 §2
893 4284 1008 4351 ἔχοντας
1030 4282 1081 4339 Ino
1101 4287 1133 4362 τῇ
1153 4287 1239 4360 ψήφῳ

171 4367 221 4422 τόν
239 4373 387 4446 προδότην,
406 4380 436 4427 et
455 4377 470 4438 ξ
490 4373 542 4427 115
561 4370 720 4449 ὑποχείριον
734 4372 844 4440 ἔχοντες
864 4378 897 4450 τῇ
917 4375 1012 4446 ψήφῳ.

1061 4464 1078 4516 ό
