3120 4930
632 486 850 554 ..29-,

203 689 449 754 elaboraverint
472 687 675 774 interpretes,
700 685 759 749 vix
785 685 847 750 dioi
873 692 988 769 potest,
1012 684 1130 748 misere
1155 682 1269 768 depra-

203 809 300 864 vatus
324 806 383 883 est,
408 797 453 861 ita
476 805 512 860 ut
535 796 616 859 eerti
640 794 816 880 quidquam
842 793 1014 857 adfirmare
1039 815 1103 856 non
1121 791 1258 855 audeam

203 927 320 972 verum
344 905 510 968 enimvero
535 903 562 967 si
586 901 651 984 illo,
684 923 779 986 quom
804 899 884 982 dixi,
916 899 1012 964 modo
1036 906 1176 962 mentem
1201 919 1270 962 ora·

205 1013 287 1076 toris
318 1013 580 1096 interpretamur,
614 1008 723 1071 omnia
754 1007 928 1071 cohaerent
961 992 1137 1092 aptissime,
1175 1015 1272 1090 atque

204 1121 295 1207 apud
319 1121 405 1206 ipsos
429 1112 575 1183 oratores
598 1117 725 1180 Atticos
748 1115 893 1204 μετέχειν
910 1115 1084 1201 interdum,
1110 1115 1271 1196 meinero,

205 1251 281 1292 eum
314 1225 502 1292 accusativo
536 1223 763 1307 coniungitur:
799 1225 901 1286 Isoer.
926 1223 984 1308 IV,
1010 1223 1061 1289 99.
1092 1222 1149 1305 VI,
1175 1223 1204 1286 3.
1231 1224 1272 1288 of.

204 1330 334 1421 reliqua
357 1330 507 1418 exempla
530 1329 616 1414 apud
642 1329 863 1414 Kuehnerum,
889 1334 908 1412 ξ
932 1329 997 1392 416
1022 1328 1097 1392 adn.
1126 1331 1152 1392 1.

297 1440 430 1526 Duplex
464 1439 603 1524 denique
634 1437 881 1502 aecusativuso
913 1437 1014 1500 verbo
1048 1437 1175 1524 φεύγειν
1205 1457 1272 1500 sus-

205 1571 336 1634 pensus,
362 1547 417 1633 qui
441 1545 560 1630 legitur
584 1542 662 1632 §70
679 1542 829 1632 μεύγοντι
855 1545 925 1630 την
948 1546 1120 1632 πατρίδα
1138 1547 1272 1608 τεττά-

92 1739 97 1744 ,
205 1681 276 1744 ριον
302 1655 430 1743 ἡμερῶν
454 1653 576 1716 πλοῦν
600 1653 643 1722 είς
666 1649 781 1732 Ῥόδον,
806 1651 839 1714 iu
864 1651 948 1715 hane
972 1651 1166 1714 sententiam
1191 1651 1274 1714 aoei-

206 1765 347 1850 piendus
371 1771 430 1846 est,
454 1769 489 1824 ut
513 1761 594 1823 alter
618 1760 825 1824 aecusativus
858 1759 974 1846 locum,
999 1783 1018 1824 a
1042 1782 1104 1845 quo
1128 1781 1152 1823 s.
1179 1782 1272 1845 quoru

205 1871 302 1956 fugit,
329 1869 409 1934 aiter
434 1869 504 1952 iter,
529 1866 615 1954 quod
639 1867 769 1950 fugiens
793 1867 984 1952 permetitur
1008 1866 1195 1951 Leoorates,
1220 1867 1267 1929 de·

207 1980 327 2063 signet.
352 1979 393 2042 of.
418 1977 571 2060 Hartung
598 1967 705 2061 „Uber
730 1975 783 2038 die
808 1975 910 2041 Casus
935 1977 1016 2038 eto.“
1043 1998 1074 2060 p.
1100 1975 1142 2041 59
1167 1997 1213 2060 sq.

618 2173 681 2228 111.
701 2173 871 2229 Genetivns.

299 2289 577 2376 Frequentissima
606 2298 681 2360 sunt
709 2289 795 2376 apud
828 2289 1018 2377 Lycurgum
1052 2288 1216 2354 adieetiva
1245 2300 1276 2354 et

210 2399 393 2484 partieipia,
420 2404 502 2484 quae
526 2396 701 2484 praemisso
719 2395 854 2461 articulo
871 2397 1148 2462 substantivorum
1172 2399 1276 2464 instar

211 2505 399 2590 genetivum
423 2504 509 2567 illius
533 2502 672 2566 nominis
696 2502 895 2588 adsciscunt,
920 2505 961 2569 ad
987 2505 1071 2591 quod
1089 2507 1277 2570 revocanda

211 2623 296 2677 sunt.
344 2612 398 2698 qui
421 2634 498 2676 usus
522 2611 669 2676 rnanavit
692 2633 733 2674 ex
758 2611 872 2676 eodem
896 2612 1045 2700 Lycurgi
1070 2613 1187 2698 studi0,
1214 2639 1276 2701 quo

211 2722 359 2806 vigorem
389 2720 523 2785 dictioni
561 2719 683 2784 addere
713 2719 923 2785 multifariam
954 2731 1099 2808 temptat.
1158 2725 1277 2788 etenim

212 2831 289 2916 quia
312 2829 509 2895 substantivi
540 2829 713 2910 genetivus
743 2830 776 2894 in
810 2830 969 2896 eiusmodi
994 2831 1211 2898 locutionibus
1236 2858 1277 2898 ex

212 2938 376 3003 adieetivo
400 2938 530 3026 pendet,
556 2961 629 3002 eum
653 2937 754 3022 vulgo
778 2939 975 3004 adieetivum
1007 2941 1039 3004 in
1066 2941 1189 3026 eodem,
1214 2965 1277 3028 quo

212 3044 463 3130 substantivum,
495 3067 573 3109 oasu
611 3046 750 3129 positum
781 3047 833 3130 sit,
870 3047 1021 3131 efficitur,
1053 3057 1089 3112 ut
1122 3047 1278 3113 adieetivi

212 3153 311 3238 notio,
336 3155 356 3219 i.
382 3178 408 3218 e.
434 3155 568 3240 speeies,
601 3155 747 3237 graviter
772 3163 804 3218 et
837 3155 955 3220 aeriter
978 3156 1101 3241 generi,
1134 3155 1220 3242 quod
1244 3157 1277 3220 in

212 3259 416 3326 substantivo
448 3261 641 3344 continetur,
677 3269 856 3348 opponatur
889 3271 987 3348 atque
1022 3262 1177 3327 maiorem
1210 3264 1278 3326 vim

214 3366 375 3436 adsumat.
422 3367 571 3454 exempla
601 3367 682 3433 haee
715 3369 783 3432 fere
812 3375 949 3452 suntrg
974 3371 994 3434 6
1026 3372 1064 3433 τὰ
1094 3373 1182 3435 κοινὰ
1214 3377 1278 3434 τῶν

212 3473 429 3563 ἀδικημάτων,
469 3480 488 3558 ξ
516 3477 574 3538 111
602 3478 641 3540 τὰ
665 3479 742 3541 καλὰ
773 3483 837 3541 τῶν
862 3479 985 3565 ἔργοιν,,
1025 3483 1044 3556 ,ὅ
1073 3479 1135 3542 104
1159 3485 1190 3540 et
1216 3478 1279 3546 110

214 3584 253 3646 τὰ
277 3585 409 3648 τοιαῦτα
433 3588 498 3646 τῶν
522 3585 636 3672 ἔργιον,
661 3591 680 3666 ξ
702 3586 761 3649 133
778 3586 809 3648 οἶ
827 3588 967 3650 τοιοῦτοι
994 3589 1058 3648 τῶν
1082 3585 1277 3672 ἀνθρώπων.

213 3697 232 3772 ξ
260 3691 299 3754 18
325 3696 390 3754 τῶν
415 3693 565 3779 ἐμπόρων
590 3693 621 3754 οἷ
643 3693 945 3781 παρεσκευασμένοι,
977 3699 995 3775 ξ
1019 3693 1062 3755 48
1089 3694 1162 3764 τοὺς
1186 3692 1280 3779 φύσει

214 3799 429 3888 γεννήσαντας
453 3801 502 3864 καί
528 3801 600 3870 τοὺς
624 3802 777 3890 ποιητοὺς
801 3807 866 3864 τῶν
890 3800 1047 3885 πατέριον,
1080 3801 1113 3886 (ξ
1143 3801 1204 3866 102
1229 3800 1280 3864 bis

214 3914 246 3968 et
270 3911 290 3988 ξ
316 3905 378 3972 108
405 3907 443 3970 τὰ
467 3907 618 3971 κάλλιστα
642 3914 706 3971 τῶν
730 3910 857 3995 ἔργον).
883 3907 924 3972 ef.
943 3907 1095 3992 Krueger
1119 3909 1207 3990 §42
1226 3908 1279 3972 28.

217 4011 371 4076 Kuehner
395 4019 414 4095 ᾗ
438 4013 514 4097 414,
541 4013 571 4078 b.
623 4015 820 4103 Bernhardy
851 4038 882 4100 p.
911 4016 973 4079 154
1003 4025 1033 4079 et
1066 4017 1137 4082 155.
1194 4015 1280 4100 quod

215 4119 346 4183 dicendi
370 4143 474 4205 genus
498 4140 692 4208 quamquam
715 4146 756 4187 ne
780 4123 821 4187 ab
846 4123 918 4186 aliis
942 4123 1072 4209 quidem
1098 4121 1280 4187 oratoribus

215 4225 309 4310 plane
334 4227 475 4292 alienum
500 4240 549 4292 est
574 4231 628 4314 (of.
645 4231 744 4295 Isoor.
771 4230 831 4314 IX,
848 4231 888 4293 41
910 4233 966 4295 τὸν
982 4236 1131 4297 πλεῖστον
1148 4231 1277 4319 χρόνον.

215 4333 367 4400 Aeschin.
401 4337 446 4422 Π,
481 4338 581 4424 {irps
605 4339 796 4427 κατηγορίας
822 4341 880 4426 τὴν
904 4338 1065 4426 πλείστην.
1113 4339 1279 4404 Dernosth.
