3120 4930
738 515 959 582 ..36-

319 688 454 797 adlata),
478 711 653 800 Lycurgus
676 711 710 776 in
733 734 798 776 uno
821 701 947 778 tantum
971 712 1067 779 huius
1089 713 1216 800 figurae
1236 715 1386 802 exemplo

302 821 353 901 (ὅ
377 819 432 901 31)
455 817 566 904 utitur,
591 839 787 904 quamquam
811 818 981 885 sedeciens
1005 820 1135 886 omnino
1152 843 1224 908 eam
1239 822 1385 888 adhibet.

320 947 359 990 ac
382 924 523 1010 primum
548 924 678 1012 quidem
704 927 811 991 τοίνυν
834 927 1057 992 narrationem
1081 929 1264 1014 continuat,
1296 930 1388 995 velut

320 1035 392 1116 §21
419 1031 530 1098 verbis
545 1035 632 1098 Μετά
648 1035 749 1098 ταῦτα
773 1036 928 1114 τοίνυν,
953 1036 979 1100 ὦ
1001 1027 1250 1126 ἄνδρες,’ἐπειδὴ
1268 1039 1387 1128 χρόνος

321 1141 445 1224 ἐγένετο
482 1141 531 1205 καί
564 1145 723 1227 ἀφικνεῖτο
749 1145 814 1208 κτλ.
854 1142 1061 1208 continuatur
1092 1145 1237 1210 narratio
1261 1145 1296 1210 in
1320 1145 1386 1210 fine

319 1247 521 1334 paragraphi
547 1248 586 1313 18
611 1249 803 1314 testimoniis
828 1249 947 1315 adlatis
977 1251 1159 1337 interrupta
1194 1256 1238 1336 (v,
1262 1253 1386 1339 Ljung-

123 1424 126 1436 ,
321 1354 397 1420 dahl
421 1353 440 1421 l.
459 1377 487 1418 e.
504 1377 536 1440 p.
553 1355 635 1442 21).
659 1355 808 1422 similiter
830 1358 905 1440 §29
928 1357 1067 1426 Ἀκούετε
1091 1363 1147 1446 τῆς
1170 1360 1386 1449 προκλήσεως·

320 1464 386 1549 δρα
409 1463 547 1527 τοίνυν
571 1462 692 1552 ταύτην
708 1467 896 1554 Δεωκράτης
920 1474 978 1530 οὐκ
1002 1466 1132 1555 ἐδέχετο
1157 1467 1207 1532 καί
1233 1490 1386 1556 κατεραρ-
1480 1539 1483 1546 ,

321 1568 409 1658 τύρει
432 1573 497 1634 κτλ.
539 1567 657 1632 deinde
681 1570 714 1634 in
738 1570 1022 1656 argumentatione
1045 1571 1087 1640 ad
1111 1595 1230 1638 novam
1255 1595 1388 1638 causam

321 1676 493 1742 transitur:
531 1681 550 1760 ξ
586 1676 629 1742 30
665 1677 727 1760 ἐγὼ
764 1679 904 1744 τοίνυν
936 1682 1094 1744 τοσοῦτον
1128 1680 1295 1770 ἀφέστηκα
1331 1685 1387 1746 τοῦ

321 1784 435 1855 ἀδίκως
470 1785 530 1871 τὴν
565 1785 1030 1876 εἰσαγγελίαν...ποιήσασθαί
1065 1787 1145 1852 ὅσον
1181 1792 1246 1854 κτλ.
1286 1793 1306 1870 ᾖ
1343 1787 1385 1852 31

322 1895 367 1974 (v.
392 1887 523 1976 supra),
542 1895 583 1973 ἐξ
606 1891 660 1958 51.
685 1892 736 1956 61.
763 1891 814 1957 14.
842 1893 914 1958 122.
942 1894 1013 1958 121.
1039 1892 1180 1980 denique
1195 1904 1389 1980 repetuntur

321 2019 370 2082 ea,
395 2019 478 2083 quae
513 2004 610 2062 antea
643 2005 718 2062 sunt
751 1997 850 2079 dieta,
885 1999 962 2086 quia
995 1999 1060 2066 alia
1079 1990 1170 2065 'sunt
1205 2001 1388 2088 interiecta,

322 2110 342 2188 ξ
368 2105 429 2169 ll:
460 2105 545 2190 παρὰ
577 2108 695 2170 τοῦτον
728 2107 865 2172 τοίνυν
899 2109 956 2190 (sc.
983 2107 1166 2196 τδνδρκον)
1191 2109 1315 2174 ἅπαντα
1338 2133 1388 2176 πε-

322 2213 434 2302 ποίηκε
456 2211 646 2301 Λεωκράτης
670 2213 818 2302 (respicit
840 2213 883 2278 ad
899 2214 1002 2279 verba
1025 2221 1044 2298 ξ
1069 2215 1110 2280 16
1136 2217 1173 2280 ὃν
1198 2219 1259 2302 (sc.
1278 2217 1388 2305 bpxovt

323 2321 351 2385 εί
372 2321 430 2406 μὲν
454 2319 604 2406 ὀμώμοκε
628 2319 719 2405 κτλ),
755 2319 841 2402 §82
872 2321 958 2386 οὕτω
993 2321 1309 2411 τυίυυν...οράδρα
1343 2325 1389 2386 ἐν·

321 2427 448 2514 έρειναν
483 2429 517 2490 ἐν
552 2426 659 2513 τούτῳ
682 2427 811 2506 πάντες,
849 2428 934 2492 ὥστε
969 2432 1033 2494 κτλ.
1071 2432 1212 2512 (spectat
1235 2429 1278 2495 ad
1302 2435 1321 2513 ξ
1346 2428 1389 2495 80

322 2533 539 2623 ριριηοάρενοι
564 2536 621 2598 τὸν
644 2537 719 2622 παρ’
742 2536 815 2622 ὑμῖν
838 2536 961 2623 ὅρκον),
995 2541 1014 2619 ξ
1041 2536 1103 2602 108
1138 2537 1224 2603 οὕτω
1249 2538 1389 2602 τοίνυν

324 2643 411 2732 εἶχον
435 2641 514 2730 πρὸς
537 2642 685 2730 ἀνδρείαν
709 2643 741 2706 οἱ
765 2643 890 2707 τούτων
914 2641 1094 2721 ἀκούοντες,
1118 2644 1203 2710 ὥστε
1228 2648 1292 2710 κτλ.
1333 2645 1388 2728 (cf.

323 2755 343 2832 ξ
369 2749 431 2814 186
455 2747 498 2814 ad
522 2757 605 2813 extr.
640 2749 784 2814 κατέλιπε
815 2752 875 2838 γὰρ
900 2756 1007 2823 αὐτοῖς
1032 2754 1151 2834 ἐλεγεῖα
1174 2751 1318 2841 ποιήσας,
1344 2753 1390 2816 ὦν

323 2855 492 2928 ἀκούοντες
515 2856 718 2922 παιδεύονται
742 2859 821 2946 πρὸς
843 2859 1013 2946 ἀνδρείαν),
1060 2864 1080 2942 ξ
1105 2858 1178 2926 146.
1225 2859 1244 2946 ᾗ
1270 2859 1322 2927 19.
1347 2899 1390 2909 -

323 2963 424 3030 multo
448 2963 578 3050 saepius
607 2963 704 3029 etiam
735 2987 833 3053 quam
857 2964 945 3050 apud
970 2964 1162 3054 Lycurgum
1185 2965 1267 3032 haee
1290 2967 1391 3053 parti·

325 3071 398 3137 cula
421 3071 510 3158 apud
533 3071 788 3137 Demosthenem
811 3071 987 3152 invenitur,
1011 3095 1086 3138 raro
1103 3072 1192 3160 apud
1208 3073 1391 3160 Antiphon-

323 3189 398 3264 tem,
423 3178 637 3268 Hyperidem,
662 3181 851 3246 Isocratem.
886 3180 968 3245 scite
992 3180 1118 3245 dehac
1142 3180 1302 3266 particula
1326 3180 1390 3246 dis-

324 3287 426 3352 seruit
448 3285 649 3371 Rosenberg,
684 3286 800 3354 Jahrb.
824 3287 846 3354 f.
871 3286 917 3353 kl.
942 3285 1057 3353 Philol.
1082 3286 1146 3352 vol.
1173 3287 1245 3353 109.
1270 3311 1302 3372 p.
1328 3287 1391 3354 109

303 3416 373 3481 sq.
398 3433 440 3442 —
465 3391 505 3458 of.
530 3392 629 3459 etiam
651 3393 777 3480 Sehepe
800 3392 820 3460 l.
846 3416 874 3458 c.
898 3417 929 3480 p.
958 3394 1008 3459 14.
1087 3450 1095 3467 ,

414 3499 515 3566 Plane
538 3500 625 3566 idem
650 3499 826 3566 dicendum
859 3521 929 3566 esse
955 3500 995 3565 de
1019 3523 1080 3565 usu
1103 3499 1287 3586 particulae
1311 3501 1390 3568 οὖν.

325 3615 495 3696 praeterea
518 3616 627 3672 autem
650 3609 707 3673 οὖν
731 3607 765 3672 in
790 3607 926 3694 apodosi
950 3630 1048 3696 quam
1072 3607 1186 3672 dieunt
1208 3607 1316 3672 locum
1338 3607 1392 3674 ha-

324 3715 381 3780 bet
412 3720 432 3798 5
458 3715 517 3778 141
555 3716 584 3779 εἰ
616 3716 665 3780 καί
700 3717 772 3804 περί
803 3717 932 3788 οδδενδς
955 3719 1051 3780 ἀλλον
1076 3709 1211 3803 νδριρόν
1236 3717 1391 3794 iorem„

324 3822 388 3888 ἀλλ’
413 3822 490 3886 οὖν
514 3845 549 3904 γε
573 3825 637 3887 κτλ.
669 3861 712 3871 -
736 3822 878 3909 denique
901 3821 935 3887 in
959 3831 1150 3888 transcursu
1173 3843 1390 3890 commemoro

326 3933 456 4014 saepius
494 3929 588 3994 solito
624 3929 834 4018 Lycurgum,
873 3951 935 4016 quo
974 3938 1023 3994 est
1061 3929 1235 4014 gravitatis
1274 3928 1391 4014 studio,

326 4037 505 4123 pleniorem
541 4038 678 4102 formam
715 4040 937 4126 τοιγαροῦν
971 4060 1147 4124 usurpare:
1184 4043 1225 4123 ἐξ
1262 4037 1314 4124 12,
1339 4037 1391 4122 88,

329 4145 402 4230 105,
429 4145 504 4229 109,
531 4146 604 4231 114,
633 4146 704 4212 133.

416 4251 509 4318 Haec
532 4252 710 4335 habebam,
747 4275 831 4341 quae
867 4252 908 4320 de
942 4252 993 4322 his
1027 4252 1198 4344 particulis
1232 4252 1392 4340 dicerem3

327 4359 464 4431 relicum
487 4369 547 4450 est,
571 4370 608 4426 ut
