3120 4930
747 482 969 548 „72-

797 697 908 784 μετά,

593 806 634 887 1.)
659 826 686 868 ο.
711 818 801 888 gen'.
826 806 882 892 (ef.
907 827 939 876 υ.
956 805 1007 872 16ύ
1022 827 1046 870 s.
1065 805 1101 888 f.)

407 909 460 974 Ad
492 908 664 994 vulgarem
696 911 871 993 notionem,
906 935 989 998 quae
1014 922 1062 977 est
1086 913 1279 998 comitandi,
1312 936 1385 999 pro·

316 1017 405 1082 xime
435 1016 598 1082 accedunt
625 1023 645 1102 g
668 1018 711 1083 82
742 1021 800 1107 την
823 1021 922 1107 μετὰ
952 1024 1077 1086 πολλῶν
1100 1023 1207 1086 πύνων
1230 1025 1387 1104 συνειλεγ-

316 1125 417 1212 μένην
448 1124 597 1189 εύκλειαν.
629 1126 648 1212 ξ
681 1126 744 1189 124
767 1129 866 1212 μετὰ
901 1131 1026 1192 πολλῶν
1050 1129 1316 1215 παραδειγμάτων
1342 1131 1385 1192 δια

317 1232 453 1297 δάσκειν.
488 1237 508 1315 ξ
528 1231 590 1296 102
613 1235 713 1318 μετὰ
736 1234 833 1317 λύγου
857 1235 906 1298 καί
930 1237 1141 1310 ἀποδείξεως..
1166 1243 1265 1322 atque
1288 1235 1385 1300 etiam

317 1361 356 1404 ea
390 1338 557 1424 exempla,
590 1339 624 1403 in
655 1339 773 1426 quibus
806 1341 957 1406 mediae
981 1341 1117 1406 rationis
1141 1342 1227 1407 notio
1252 1364 1385 1428 prorsus

318 1445 503 1532 praevalet:
538 1451 580 1529 ἓξ
616 1447 679 1512 125
710 1448 790 1534 μετ’
822 1450 974 1538 ἀληθείας
1005 1448 1183 1528 δουλεύειν,
1219 1451 1281 1516 129
1304 1451 1385 1538 μετ’

317 1553 469 1641 ἀληθείας
493 1553 744 1641 παραδείγματα,
773 1557 832 1621 129
856 1554 935 1641 μετ’
959 1555 1113 1644 αἰσχύνης
1138 1557 1196 1643 την
1219 1558 1386 1645 σωτηρίαν

318 1659 499 1726 ὑπεύθυνον
523 1660 658 1747 κινδύνῳ
683 1663 837 1750 ἐποίησαν
862 1659 959 1744 (oum
982 1661 1102 1746 probro
1123 1662 1261 1727 salutem
1278 1662 1385 1728 subie-

318 1774 433 1830 cerunt
455 1766 646 1855 periculo’),
680 1769 798 1852 fragm.
828 1769 869 1832 41
895 1770 975 1856 μετ’
1009 1771 1130 1843 εὐνοίας
1153 1771 1289 1836 ἀκοῦσαί
1310 1794 1384 1857 μου,

317 1873 479 1938 cumillis
503 1874 688 1939 cohaerent.
713 1905 768 1924 -·
782 1883 925 1940 osterum
949 1878 1030 1962 μετὰ
1054 1899 1081 1947 ο.
1106 1899 1180 1962 gen.
1205 1877 1292 1941 idem
1316 1878 1385 1942 fere

316 1979 467 2046 valetus
490 1981 578 2046 solus
602 1982 742 2046 dativus.

581 2155 582 2162 υ
631 2125 675 2208 2)
700 2147 790 2189 eum
814 2125 1071 2190 aoeusativo

317 2247 405 2334 apud
422 2235 615 2338 Lycurgum
637 2250 719 2336 μετοί
741 2271 806 2314 non
830 2249 1039 2334 coniungitur
1063 2250 1126 2314 nisi
1149 2251 1280 2316 notione
1305 2261 1383 2316 tem-

317 2355 405 2442 poris
430 2355 560 2442 (‘p0st'):
586 2361 628 2440 ἐξ
656 2357 705 2440 19,
730 2359 783 2443 21,
813 2358 883 2438 124,
914 2357 984 2424 126.

800 2501 903 2588 ὑπέρ.

747 2609 790 2690 1.)
816 2629 954 2692 egen.

405 2714 667 2800 Praepositiones
692 2716 769 2802 ὑπέρ
795 2723 827 2778 et
850 2717 922 2803 περί
945 2716 987 2802 (ο.
1011 2718 1100 2800 gen.)
1125 2714 1214 2800 apud
1239 2725 1382 2780 oratores

214 2871 218 2874 -
316 2821 444 2886 Atticos
467 2820 555 2885 haud
578 2842 652 2886 raro
677 2821 861 2907 promiscue
884 2829 1102 2907 usurpantur,
1135 2822 1181 2887 ita
1203 2830 1322 2907 tamen,
1346 2834 1383 2886 ut

317 2926 513 3015 posteriores
537 2927 720 3012 (Demosth.
746 2927 899 2994 Aeschin.
924 2928 1085 3017 Hyperidss
1109 2928 1274 3018 Lyeung.)
1304 2931 1381 3018 ὑπὲρ

317 3037 350 3100 in
382 3033 509 3099 deliciis
542 3033 684 3100 habeant
712 3057 877 3122 saepeque
909 3035 1104 3120 adhibeant,
1133 3035 1191 3100 ubi
1223 3037 1294 3125 περί
1327 3059 1381 3102 ex-

317 3151 463 3230 spectes,
499 3163 544 3208 se.
582 3140 639 3206 ubi
673 3164 738 3206 non
772 3143 813 3207 de
848 3142 1003 3226 utilitate,
1040 3143 1209 3208 commodo
1245 3142 1382 3208 alieuius

317 3249 444 3334 egitur:
471 3250 528 3332 §7
554 3250 671 3313 τοῦτον
696 3254 751 3332 (sc.
770 3253 826 3314 τὸν
842 3251 975 3338 ἀγῶνα),
1001 3252 1096 3338 ὑπὲρ
1119 3252 1157 3316 ού
1183 3253 1238 3314 νύν
1254 3251 1382 3328 μέλλετε

317 3359 376 3445 τὴν
399 3360 513 3444 δῆμον
537 3356 645 3446 φέρειν
670 3358 821 3442 (quoeum
838 3357 1022 3422 conferatur
1039 3360 1110 3440 §11
1137 3359 1240 3422 ποίντα
1262 3361 1382 3445 μᾶλλον

317 3464 336 3552 ἢ
370 3464 458 3551 περί
481 3464 529 3527 -οὖ
562 3462 691 3549 μέλλετε
731 3465 787 3550 τὴν
820 3467 932 3552 ψῆφον
967 3464 1097 3551 φέρειν),
1133 3470 1152 3546 ξ
1187 3466 1247 3528 14Ῑ
1284 3465 1381 3550 ύπὲρ

316 3570 466 3634 ἁπάντων
484 3575 549 3634 τῶν
560 3573 737 3656 μεγίστων.
748 3621 755 3635 .
766 3573 972 3660 ἀδικημάτων
983 3572 1068 3657 μίαν.
1093 3576 1204 3659 ψῆφον
1214 3622 1236 3636 ..
1249 3572 1380 3659 ,ρέρειν1

316 3679 389 3758 §ll
418 3677 490 3743 οὐθ’
515 3677 591 3742 ύπὲ
599 3703 620 3765 ρ
644 3680 690 3741 ὦν
713 3679 757 3764 μη
782 3677 978 3763 βουλεύεσθε
1003 3679 1134 3766 γνώμην
1151 3680 1381 3767 ἀποφήνασθαι

316 3785 391 3850 οὐθ’
424 3785 519 3872 ύπὲρ
554 3786 599 3847 ὦν
630 3785 740 3872 μηδείς
771 3786 1006 3872 ἀπολογήσεται
1037 3785 1232 3874 κατηγορίαν
1266 3785 1378 3872 εύρεῖν.

316 3889 402 3974 §28
435 3891 609 3978 πρόκλησιν
642 3891 742 3979 ὑπὲρ
776 3891 900 3956 τούτων
933 3890 1083 3954 ἁπάντων
1117 3891 1251 3979 γροίύας.
1286 3897 1305 3973 ξ
1338 3894 1380 3954 :to

318 3997 416 4084 ύπὲρ
449 4002 514 4060 τῶν
537 3999 805 4084 ὁμολογουμένων
830 4001 1035 4082 ἐξαπατῆσαι.
1075 3998 1161 4080 §31
1190 3998 1390 4086 κινδυνεύειν

318 4105 413 4192 ὑπὲρ
436 4106 610 4192 προδοσίας
634 4105 668 4190 (i.
695 4127 725 4191 q.
750 4106 916 4192 κρίνεσθαι
941 4107 1011 4193 περί
1036 4107 1210 4194 προδοσίας
1238 4111 1279 4189 ἓξ
1306 4106 1380 4176 137.

319 4211 405 4296 141).
429 4211 487 4276 sed
512 4219 634 4276 certam
658 4211 689 4275 in
715 4212 831 4276 harum
847 4211 1124 4297 praepositionum
1147 4235 1209 4276 usu
1233 4235 1379 4276 normam

317 4327 476 4385 oratorem
492 4341 557 4383 non
574 4319 666 4409 sequi
682 4331 719 4384 eo
738 4319 889 4400 efficitur,
907 4318 994 4410 quod
1010 4323 1241 4403 ἀπολογεῖσθαι
1258 4329 1289 4387 et
1306 4342 1380 4389 eum
