3120 4930
539 532 817 596 ¹-41-

172 725 305 789 τούτων
330 748 374 796 τις
397 726 557 814 ἠδίκηκεν,
582 729 658 804 ari,
682 725 728 790 ita
743 735 779 790 ut
803 729 839 809 εἰ,
865 725 1162 812 quod'pronomine
1184 721 1244 793 driu

170 833 373 918 (zei'rcnu)
399 831 592 916 continetur,
617 832 714 896 etiam
738 832 771 896 in
796 831 897 896 altero
921 831 1067 898 membro
1091 834 1242 899 subaudi·

172 938 300 1002 endum
323 939 375 1002 sit.

268 1045 365 1127 Quod
396 1045 439 1110 ad
471 1046 700 1110 attractionem
733 1047 933 1132 pronominis
964 1047 1095 1110 relativi
1118 1036 1243 1132 attinet,

174 1161 336 1240 quantum
361 1175 402 1217 ex
425 1153 463 1218 E.
481 1153 519 1218 R.
537 1153 709 1242 Schulzffl)
735 1153 965 1219 dissertatione
988 1153 1136 1219 intellexi
1159 1155 1243 1240 ipse-

174 1281 243 1346 que
267 1260 464 1344 examinavi,
489 1251 550 1325 hoc
574 1261 728 1326 constitui
752 1271 868 1346 potest,
898 1261 1091 1350 Lycurgum
1114 1262 1244 1348 saepius

174 1368 421 1452 attractionem,
454 1369 512 1434 ubi
536 1369 666 1454 decuit,
700 1369 897 1454 neglexisse,
923 1393 1020 1456 quam
1045 1370 1243 1438 adhibuisse.

176 1484 433 1541 commemoratu
464 1477 553 1544 hand
577 1478 644 1542 scio
669 1501 711 1543 an
736 1477 856 1562 dignus
880 1478 921 1543 sit
944 1478 998 1542 hic
1021 1479 1132 1543 locus:
1158 1484 1178 1562 ξ
1202 1479 1244 1542 26

175 1587 225 1654 οἷς
256 1587 328 1671 παμ
363 1585 451 1670 ὑμῶν
485 1587 691 1670 ἐξεκομίσατο
722 1585 886 1674 χρήμασιν
909 1590 1042 1674 ἀφορμῇ
1075 1587 1242 1674 χρώμενος

176 1694 245 1758 κτλ.
279 1729 323 1740 -
355 1691 557 1756 attractionis
582 1691 849 1756 correlativorum
873 1693 979 1757 forma
1014 1692 1245 1779 τοσούτῳ-ὅσῳ

175 1818 238 1881 pro
286 1797 528 1884 τοσούτῳ-ὅσον
576 1821 595 1863 a
642 1782 807 1884 plerisque
855 1798 1038 1864 oratoribus
1087 1806 1245 1882 usurpata

176 1903 237 1990 (cf.
271 1901 407 1967 Schulze
440 1903 460 1968 l.
495 1927 522 1969 o.
558 1928 589 1989 p.
617 1906 671 1986 16)
702 1927 766 1969 non
798 1905 903 1988 magis
935 1905 1036 1970 utitur
1070 1905 1245 1993 Lycurgus

178 2032 275 2096 quam
300 2010 472 2096 lsocrateS,
506 2034 603 2097 quem
634 2011 697 2076 hac
732 2033 861 2098 quoque
890 2012 924 2076 in
960 2034 995 2075 re
1019 2020 1148 2076 secutus
1174 2033 1244 2075 esse

176 2115 326 2180 videtur:
358 2117 442 2205 Lyc,
478 2123 498 2198 ξ
535 2119 595 2182 131
623 2119 811 2204 τοσούτῳ
834 2120 901 2184 d'd'v
925 2120 1123 2206 deaucdrepor
1148 2119 1242 2189 οὗτος

177 2223 419 2302 ἀποθάνοι....,
443 2225 543 2288 ὅσον
567 2227 598 2287 oi
624 2227 683 2311 μὲν
707 2227 749 2296 εἰς
774 2227 832 2312 τὴν
857 2226 947 2290 atla
972 2228 1102 2313 ἣκουσιν
1125 2224 1231 2313 μαχού

176 2355 269 2418 μενοι
299 2335 363 2396 κτλ.
398 2330 479 2414 (sed.
505 2338 524 2414 ξ
555 2331 608 2414 30,
635 2331 697 2394 116
729 2333 1058 2418 τοσοῦτον-ὅσον).
1082 2315 1191 2396 lacer.
1218 2332 1244 2415 I,

177 2438 209 2502 4.
235 2438 295 2521 XI,
316 2439 365 2505 19.
391 2439 443 2504 32.
467 2439 563 2522 Xlll,
588 2439 642 2506 20.
666 2439 759 2524 XVI,
784 2439 837 2505 36.
862 2479 905 2486 -
928 2463 959 2503 v.
976 2438 1130 2522 Krueger
1154 2439 1244 2521 §48,

179 2544 222 2609 15
246 2543 321 2608 adn.
349 2547 388 2610 10
412 2554 444 2608 et
469 2547 519 2610 ll.
544 2551 563 2626 ξ
592 2547 645 2628 51,
671 2546 745 2613 adn.
782 2545 812 2610 5.
851 2544 1031 2610 Schneider
1067 2545 1121 2609 ad¹
1142 2545 1243 2609 Isocr.

176 2651 204 2736 I,
229 2652 260 2715 4.
283 2691 327 2700 -
350 2651 478 2738 reliqua
502 2675 532 2717 v.
558 2675 610 2736 ap.
636 2651 822 2716 Schulzium
846 2651 866 2716 l.
892 2675 920 2715 c.

267 2757 366 2822 Haud
389 2758 436 2823 ita
458 2781 532 2824 raro
566 2758 719 2822 videntur
743 2758 890 2822 adhibita
907 2780 977 2823 esse
994 2758 1083 2843 apud
1100 2767 1243 2823 oratores

177 2864 370 2948 pronomina
394 2866 428 2936 ὅς
452 2876 484 2929 et
507 2867 595 2936 ὅστις
618 2866 708 2950 (post
726 2866 842 2944 οὕτως)
861 2887 919 2950 pro
937 2865 1032 2944 diora,
1057 2865 1181 2948 velut&¹
1203 2866 1245 2930 39

148 2957 151 2962 Ι
179 2973 226 3044 τίς
260 2973 298 3060 ἦν
327 2974 456 3044 οὕτως
481 2974 499 3061 ἢ
524 2973 703 3062 μκσόδημος
737 2974 811 3038 τότε
836 2973 854 3061 ἢ
879 2975 1102 3063 μεοαθήνακος,
1136 2975 1245 3045 ὅστις

179 3081 323 3168 ἐδυνήθη
347 3083 385 3144 ἂν
410 3081 530 3167 zrl;§
567 3079 610 3144 69
641 3081 686 3151 τίς
718 3081 872 3152 δὀὕτιος
903 3082 1070 3169 γμθονεμός
1095 3084 1244 3159 ἐστιν...,

178 3188 219 3258 ὃς
243 3195 300 3251 οὐκ
323 3187 504 3276 ἂνζεῦξακτο
522 3192 576 3251 κο).
584 3212 597 3265 ;
622 3170 780 3272 exemplis
797 3186 893 3250 huius
916 3167 993 3251 usus
1009 3209 1028 3251 a
1044 3187 1245 3252 Rehdantzio

177 3295 265 3381 (av.
280 3294 326 3377 a)
350 3293 384 3357 iu
401 3293 569 3358 comosa.
595 3302 689 3362 orae.
706 3293 849 3379 Philipp,
874 3293 983 3357 anaia
1007 3293 1108 3358 auem
1127 3276 1245 3358 autaut

177 3399 266 3464 adde
288 3400 446 3464 Dinarch.
478 3401 504 3485 I,
536 3401 589 3465 93.
621 3441 665 3450 -
695 3400 817 3467 indicat
841 3409 949 3464 autem
973 3401 1089 3488 ὅο(τις)
1127 3400 1160 3464 in
1196 3401 1245 3465 his

177 3507 337 3592 exemplis
361 3531 426 3572 non
443 3507 593 3592 gradum,
619 3516 654 3570 ut
671 3507 765 3586 ὥστε,
790 3507 847 3572 sed
864 3507 1098 3593 proprietatem
1122 3507 1245 3593 („dem-

176 3623 309 3695 gamans
334 3637 368 3678 er
398 3653 445 3700 -,
479 3615 527 3679 als
553 3613 605 3677 ein
629 3613 769 3677 welcher
793 3637 828 3678 er
852 3615 941 3699 —-“).
966 3653 1006 3662 -
1033 3637 1128 3700 quem
1152 3637 1245 3690 usum

177 3717 318 3784 Latinae
348 3721 482 3806 linguae
517 3719 805 3784 familiarissimum
842 3743 911 3786 esse
946 3730 1036 3786 const
1059 3730 1090 3794 1.,
1121 3761 1164 3770 --
1203 3722 1245 3786 cf.

176 3826 299 3892 Bernh.
324 3849 355 3913 p.
380 3830 459 3904 293„

563 4027 729 4082 Pronomen
749 4024 867 4078 ἄλλος

175 4113 343 4178 redundat
367 4119 387 4196 ξ
411 4113 451 4177 61
484 4115 605 4200 μόνος
637 4121 718 4179 τῶν
748 4118 876 4178 ἄλλων
907 4118 1055 4192 πολιτῶν,
1081 4123 1113 4178 et
1137 4120 1156 4196 ξ
1184 4115 1245 4178 102

272 4293 291 4354 ¹)
310 4290 366 4346 ‘Dc
386 4293 568 4347 attractionis
587 4312 668 4364 pron.
688 4294 804 4349 relativi
829 4312 876 4364 ap.
900 4298 984 4347 oratt.
1004 4293 1128 4351 Atticos,
1149 4311 1245 4350 recen·

176 4384 268 4441 tiores
288 4400 340 4440 usu
361 4388 390 4438 et
409 4380 515 4438 formis*
535 4401 630 4453 progr.
651 4401 746 4457 gymn.
765 4383 878 4439 Budiss.
899 4382 976 4438 1882.
