3120 4930
594 509 818 574 -.69-

161 706 243 783 vm)
277 703 354 793 μήτ’
386 707 419 768 ἐν
444 711 509 777 τοῖς
532 706 692 795 πρότερον
716 707 845 794 χρόνοις
870 707 1064 792 γεγενῆσθαι
1089 682 1237 770 τοιοῦτον

159 813 337 901 peierasse.
352 815 525 899 παρεῖσθαι
543 814 602 900 τἠν
616 814 694 902 όπὲρ
709 812 943 896 τῶντοιούτων
958 813 1113 902 τιμωρίαν
1123 815 1238 899 συμβέ-

159 921 344 1012 βηκεν),,ξ
374 921 411 982 14
446 921 598 1009 ἐπιμανής
638 945 668 984 τε
692 919 752 1008 γάρ
777 923 863 985 ἐστιν
898 925 956 1006 (sc.
980 921 997 982 ό
1025 921 1234 1008 Λεωκράτης)

161 1027 231 1090 διὰ
256 1028 312 1090 τόν
336 1028 469 1090 ἔκπλουν
495 1025 551 1090 τόν
576 1029 618 1098 εἰς
633 1025 739 1092 Ῥόδον
756 1031 823 1092 κτλ.
848 1033 867 1109 ξ
896 1027 943 1088 18.
970 1027 1043 1108 §ot
1070 1029 1237 1092 τοῦτον...
1263 1029 1267 1042 ’

161 1133 231 1197 διὰ
266 1133 363 1196 τοῦτο
396 1133 541 1219 μείζονος
579 1133 733 1221 τιαωρίας
767 1136 858 1208 ἄξιον
894 1134 983 1211 εἶναι,
1018 1131 1104 1214 §82
1128 1133 1236 1219 τὴν...

162 1240 308 1304 εὔκλειαν
331 1241 394 1304 διὰ
420 1241 567 1326 τὴντῶν
592 1240 749 1304 τοιούτων
772 1245 901 1328 ἀνδρῶν
925 1241 1082 1329 πονηρίαν
1106 1245 1236 1305 καταλυ·

163 1345 298 1434 ομένην,
323 1348 396 1428 §ot
426 1347 492 1411 διὰ
517 1349 617 1410 ταῦτα
640 1347 732 1435 δίκην
756 1347 889 1424 δίδωσι,
914 1345 1029 1410 merita
1052 1345 1239 1412 indicantur·

163 1457 187 1534 ᾖ
214 1451 276 1516 135
300 1454 363 1517 διὰ
389 1453 419 1516 τί
442 1476 520 1517 ποτε
538 1455 654 1516 τοῦτον
670 1452 865 1527 ἀξιώσουσιν
880 1457 1075 1540 ἀποφυγεῖν,
1099 1454 1238 1540 πότερον
1316 1479 1318 1486 ’

163 1561 219 1625 διὰ
245 1560 302 1648 την
326 1560 405 1647 πρός
429 1560 545 1632 αὑτοὺς
568 1561 695 1647 ριλίαν,
723 1559 781 1623 sed
810 1561 945 1644 longum
977 1568 1026 1624 est
1049 1559 1237 1624 exscribere

170 1666 281 1731 omnia
304 1665 399 1732 huius
423 1667 554 1752 generis
579 1666 744 1752 exempla:
770 1669 846 1750 ξξί)
872 1666 957 1755 (bis),
983 1667 1013 1750 6,
1033 1669 1075 1732 10
1092 1665 1176 1752 (bis),
1194 1668 1237 1731 68

169 1772 261 1860 (bis),
289 1775 351 1838 102
367 1776 435 1861 (διὰ
453 1775 511 1861 τὴν
538 1775 712 1861 συντομίαν
738 1774 757 1841 i.
782 1797 809 1840 e.
832 1772 883 1838 ‘ob
906 1773 1136 1860 brevitatem’),
1165 1774 1237 1858 126,

173 1881 246 1964 137,
271 1881 388 1965 fragm.
413 1881 466 1946 53.

259 1987 415 2052 Proxime
439 1986 532 2052 abest
555 1987 597 2052 ab
613 1986 676 2052 hac
692 1989 824 2052 notione
847 1987 935 2052 notio
959 1988 1050 2054 finis:
1075 1995 1095 2072 ξ
1116 1990 1154 2053 15
1178 1991 1238 2075 τὴν

167 2097 360 2183 οἰκουμένην
376 2097 596 2183 περιπλέοντες
613 2098 659 2160 δι’
675 2097 826 2182 ἐργασίαν
850 2095 870 2172 i.
889 2118 916 2161 e.
934 2094 1098 2183 ‘quaestus
1115 2096 1236 2179 causa',

166 2200 225 2266 ubi
250 2199 340 2267 ἕνεκα
364 2225 391 2268 ο.
408 2224 483 2286 geu.
509 2203 764 2288 exspectaveris.
781 2227 812 2268 v.
832 2203 987 2267 Kuchncr
1004 2209 1023 2287 ᾗ
1040 2202 1107 2266 434
1123 2202 1165 2266 ed
1181 2201 1235 2266 fin.

259 2309 410 2396 Denique
426 2309 541 2374 modus
558 2332 597 2374 ac
621 2310 714 2394 ratic,
741 2333 806 2396 qua
822 2309 946 2394 aliquid
962 2309 1008 2394 fit,
1034 2309 1237 2393 significatur

164 2421 185 2499 ξ
215 2416 276 2481 116
300 2417 344 2482 δι’
376 2418 477 2505 όργην
505 2420 625 2504 μᾶλλον
658 2417 677 2506 ἦ
710 2417 753 2484 δι’
785 2417 941 2505 ἀλήθειαν
966 2418 1168 2506 ἐποιήσαντο,
1193 2455 1237 2463 -

165 2544 226 2608 pro
251 2525 291 2588 δί
312 2525 413 2611 ὀργὴν
437 2523 567 2609 saepius
601 2522 668 2587 dici
699 2522 781 2587 solet
812 2523 849 2586 δι’
873 2524 982 2611 ὀργῆς,
1012 2531 1110 2608 atque
1134 2521 1233 2602 ctiam

165 2628 252 2694 solus
286 2628 416 2693 dativus
448 2628 483 2693 iu
518 2628 637 2695 talibus
669 2651 731 2694 usu
765 2628 865 2692 venit.
921 2628 968 2692 sie
1003 2628 1092 2714 apud
1126 2627 1233 2714 ipsum

165 2735 357 2823 Lycurgum
391 2734 462 2800 loco
496 2758 593 2822 quem
628 2735 725 2802 modo
755 2734 927 2801 citavimus
951 2736 985 2819 (ξ
1011 2735 1088 2809 116)
1122 2733 1232 2800 verbis

166 2845 308 2932 δι’όργην
330 2847 450 2930 μᾶλλον
474 2843 493 2931 ἦ
518 2844 556 2908 δι’
580 2845 736 2932 ἀλήθειαν
760 2843 792 2906 ἰν
818 2841 920 2907 altero
943 2841 1089 2907 eiusdem
1105 2851 1231 2906 senten-

165 2951 229 3015 tiae
253 2949 324 3015 loco
349 2950 523 3037 opponitur
548 2949 679 3014 dativus
702 2951 796 3038 ρόσει
826 2949 896 3034 ipse
920 2970 1049 3035 quoquc
1073 2949 1231 3014 rationem

165 3081 205 3122 ac
239 3057 371 3122 modum
401 3057 551 3122 indicans
584 3057 693 3146 (ρόσει
729 3063 816 3124 πᾶσι..
839 3064 903 3129 τοῖς
938 3056 1094 3127 τοιούτοις
1129 3058 1232 3144 ἔργοις

165 3165 366 3254 ἐπολέμουν).
1132 3153 1140 3172 '

653 3253 751 3321 κατά

604 3362 631 3424 1.
657 3381 684 3422 ο.
710 3380 803 3442 gen.

255 3466 318 3530 Per
342 3465 565 3531 circuitionem
590 3465 713 3530 dictum
745 3475 794 3530 est
822 3463 841 3554 §
878 3465 940 3530 140
965 3466 1024 3552 την
1048 3467 1145 3529 κατὰ
1171 3471 1235 3528 τῶν

164 3574 387 3660 προδιδόντων
420 3575 592 3661 τιμωρίαν,
626 3595 685 3658 pro
711 3572 862 3637 breviore
894 3569 1056 3636 locutione
1088 3575 1235 3658 τὴντῶν

167 3681 388 3768 προδιδόντων
420 3682 584 3767 τιμωρίαν·
633 3681 673 3744 cf.
705 3680 858 3746 Aeschin.
883 3681 948 3764 ΙΙΙ,
984 3679 1049 3743 223
1074 3680 1128 3750 τὰς
1156 3680 1236 3742 κατὰ

167 3791 288 3852 σαυτοῦ
315 3788 476 3875 τιμωρίας.
523 3786 689 3852 Demosth.
716 3785 842 3870 XVIII,
871 3785 937 3852 274
970 3785 1126 3873 τιμωρίαν
1156 3786 1235 3848 κατὰ

169 3891 295 3956 τοότου.
320 3933 363 3944 -
387 3904 502 3958 contra
525 3892 682 3958 brevitati
697 3891 907 3957 tribuendum
930 3900 987 3976 est,
1012 3890 1099 3978 quod
1117 3889 1235 3972 legitur

167 3997 285 4083 fragm.
312 4000 353 4066 75
370 4002 525 4089 τροπαίου
550 4002 647 4065 κατὰ
672 4005 727 4087 τῆς
751 4001 872 4071 πόλεως
890 3997 1064 4088 ἑστηκότος
1087 4019 1145 4084 pro
1163 4021 1235 4080 τρο-

259 4179 278 4246 1)
299 4181 420 4234 cundem
446 4181 475 4234 in
495 4181 608 4235 modum
629 4180 753 4235 causalis
773 4179 934 4233 ennuntiatio
954 4178 1170 4248 praepositione
1190 4176 1235 4230 διὰ

169 4286 232 4323 cum
252 4269 396 4326 infinitivo
416 4271 569 4324 coniuncta
590 4271 769 4341 exprimitur·
789 4273 803 4333 ἓ
822 4268 873 4322 3οε
900 4263 991 4321 οότσσὶ
1011 4265 1067 4320 διὰ
1089 4265 1124 4321 τό
1146 4283 1235 4320 συντι-

164 4359 243 4412 δένσι
262 4359 350 4431 ἑαυτῷ
368 4357 417 4430 οὐχ
438 4357 588 4436 ὑπέμεινεν
614 4361 670 4420 κτλ.
708 4357 745 4415 cf.
764 4357 838 4419 Luta,
858 4359 877 4417 l.
897 4375 920 4416 o.
941 4376 967 4432 p.
987 4357 1030 4424 69,
1051 4355 1074 4409 7.
