3120 4930
736 472 958 552 ...80-

408 674 483 751 Καί.

408 790 545 856 Omissis
569 790 730 877 plerisque
760 790 824 854 illis
855 789 944 874 locis,
969 789 1036 875 ubi,
1069 811 1154 876 quae
1188 799 1236 854 est
1268 796 1390 854 natura

319 897 501 984 particulae
524 899 585 976 καί,
610 899 714 962 altera
744 897 922 962 enuntiatio
953 897 1047 962 altori
1079 895 1279 982 adiungitur,
1304 895 1388 960 haee

302 998 445 1069 tantum
468 1005 548 1068 mihi
572 1003 752 1070 adferenda
776 1027 846 1068 osse
871 1027 996 1069 censeo.

410 1112 621 1178 Communem
639 1121 804 1176 oratorum
820 1111 1004 1176 Atticorum
1019 1111 1287 1177 consuetudinem
1305 1133 1387 1194 esse,
1471 1115 1475 1124 “

319 1215 411 1284 utin
435 1217 638 1303 testimoniis,
662 1218 803 1303 legibus,
836 1219 976 1284 decretis
1000 1219 1205 1305 proferendis
1230 1227 1304 1284 ante
1329 1219 1387 1284 irn-

319 1327 515 1412 perativum,
541 1346 605 1412 quo
629 1324 760 1390 recitari
785 1348 824 1402 ea,
847 1347 867 1389 a
890 1325 1000 1390 scriba
1023 1325 1147 1409 iubent,
1179 1327 1231 1391 καί
1252 1336 1387 1411 ponant,

320 1431 439 1496 docent
462 1431 616 1515 Hartung
640 1431 659 1494 l.
679 1453 706 1496 o.
731 1433 758 1497 I.
783 1453 814 1517 p.
845 1431 917 1516 145,
942 1431 1099 1496 Kuehuer
1123 1437 1143 1516 ξ
1167 1433 1243 1514 521,
1260 1433 1291 1510 5,
1317 1431 1387 1518 plu-

320 1560 421 1623 raque
452 1537 492 1602 de
522 1539 583 1602 lroo
613 1560 733 1623 genere
764 1547 987 1624 exposuerunt
1016 1538 1142 1624 Sohepe
1154 1541 1180 1626 ¹)
1209 1547 1240 1602 et
1264 1537 1386 1624 Ljung-

321 1643 444 1728 11111111).
469 1645 525 1708 sed
551 1643 748 1708 monendum
772 1654 821 1708 est
850 1643 1114 1729 Demosthenem,
1146 1643 1254 1708 nime
1279 1643 1389 1708 omnia

320 1750 446 1834 fallunt,
471 1751 600 1836 saepius
624 1751 864 1824 fere.omittere
889 1753 939 1816 καί
962 1751 995 1815 in
1012 1751 1142 1836 talibus,
1167 1750 1306 1815 velutin
1322 1772 1389 1814 una

324 1879 367 1920 or.
398 1857 517 1922 XVIII
540 1863 581 1940 ξς
607 1858 682 1940 212,
707 1859 782 1942 214,
808 1859 883 1943 217,
908 1858 982 1942 221,
1007 1859 1071 1922 222
1096 1867 1156 1924 eto.
1188 1881 1208 1922 a
1231 1856 1388 1944 Lycurgo

322 1964 463 2049 septiens
488 1959 620 2050 ponitur
644 1967 709 2031 rol:
734 1971 775 2048 ἐξ
799 1966 852 2050 23,
878 1967 930 2049 28,
956 1967 1008 2048 36,
1034 1965 1084 2030 80.
1114 1965 1186 2050 118,
1214 1965 1287 2052 125,
1314 1964 1387 2047 146,

322 2080 437 2156 quater
461 2074 510 2136 δέε
537 2076 578 2154 ἓξ
603 2071 646 2134 24
671 2071 730 2156 bis,
758 2073 830 2156 114,
864 2075 936 2156 120,
967 2073 1017 2136 bis
1042 2071 1129 2136 solus
1153 2071 1387 2156 imperativus:

323 2183 370 2260 ἕξ
388 2178 441 2264 20,
468 2179 518 2242 77.

385 2284 484 2348 ·N0n
515 2307 648 2370 prorsus
682 2285 882 2350 dissimiliter
917 2286 951 2350 in
987 2283 1271 2381 prodiorthpsi
1305 2305 1389 2370 quae

324 2389 444 2454 dicitur
468 2413 516 2477 oa,
542 2414 626 2478 quae
650 2401 858 2476 opponuntur
882 2392 1016 2456 clamori
1048 2401 1104 2455 aut
1128 2390 1273 2478 opinioni
1297 2389 1389 2454 audi-

323 2498 455 2583 entium,
480 2499 521 2564 ab
547 2508 674 2563 oratore
697 2499 743 2584 ita
766 2499 983 2584 proferentur,
1008 2508 1044 2562 ut
1067 2501 1118 2564 καί
1134 2521 1208 2562 oum
1231 2497 1386 2582 negativo

323 2606 542 2678 enuntiatione
568 2607 801 2690 coniungatur:
827 2613 846 2690 ξ
863 2608 905 2671 52
923 2609 984 2672 καὶ
1000 2607 1111 2696 μηδείς
1127 2631 1182 2693 μοι
1203 2605 1388 2695 θορυβήσῃ,

323 2719 342 2795 ξ
377 2713 438 2776 128
475 2715 538 2777 καί
566 2714 610 2802 μή
646 2738 701 2799 ,coc
736 2716 939 2801 ἀχθεσθῆτε,
969 2714 995 2776 ὦ
1025 2715 1148 2800 ἄνδρες,
1179 2715 1208 2776 εἰ
1236 2715 1300 2776 κτλ.
1332 2713 1387 2795 (of.

324 2819 402 2907 lys.
427 2819 523 2902 XXI,
551 2821 601 2886 16.
626 2821 729 2888 Isoor.
752 2821 797 2902 II,
823 2821 876 2886 40.
901 2819 1056 2901 XX,·19.
1081 2819 1250 2884 Demosth.
1268 2819 1308 2902 V,
1336 2818 1386 2882 15.

323 2926 448 3013 Hyper.
475 2947 520 2990 or.
545 2927 590 2991 ΙΙ.
613 2927 730 3010 fragm.
755 2927 782 2990 I.
807 2949 838 3011 p.
864 2925 1026 3009 XXXIV,
1043 2926 1074 2990 5.
1099 2925 1258 2992 Dinarclr.
1275 2926 1302 3012 I,
1320 2926 1388 3007 55).

324 3033 423 3097 semel
447 3056 467 3098 a
490 3032 646 3121 Lycurgo
670 3037 706 3099 δέ
728 3043 920 3120 usurpatur:
945 3040 965 3117 ξ
995 3036 1035 3098 23
1068 3035 1119 3099 ἵνα
1148 3035 1189 3100 δὲ
1218 3035 1262 3121 μὴ
1294 3035 1389 3116 λόγον

324 3142 442 3230 οἴησθε
472 3141 559 3220 εἶναι,
589 3143 655 3205 ἀλλ’
683 3143 788 3229 εἰδῆτε
818 3146 883 3206 κτλ.
908 3143 949 3207 cf.
975 3141 1202 3228 Ljungdahll.
1227 3165 1254 3208 e.
1279 3163 1311 3227 p.
1336 3141 1388 3221 25,

325 3248 379 3335 qui
409 3257 583 3332 propterea
607 3248 657 3311 καὶ
686 3247 718 3311 in
743 3247 862 3312 talibus
890 3248 1049 3332 praeferri
1079 3256 1183 3333 putat,
1213 3271 1254 3312 ne
1283 3247 1328 3336 μή
1360 3256 1390 3312 et

277 3411 280 3416 .
325 3355 362 3420 δέ
385 3378 450 3418 una
475 3352 651 3418 audiantur
673 3355 757 3444 μηδὲ
787 3354 886 3441 (quod
916 3353 1082 3418 accideret
1106 3360 1125 3437 ξ
1153 3355 1214 3419 128
1247 3355 1389 3440 Leaen).

414 3463 463 3526 De
488 3461 698 3526 adversativa
732 3463 767 3526 vi
802 3461 983 3548 particulae
1007 3464 1068 3540 roi,
1104 3484 1188 3548 quae
1222 3460 1389 3524 invenitur

326 3573 345 3651 ξ
373 3571 434 3634 116
459 3572 544 3657 ἔργῳ
568 3569 629 3634 καὶ
654 3579 698 3633 oo
722 3571 807 3656 λόγῳ
831 3569 897 3634 vid.
914 3569 1080 3634 Kuehner.
1105 3569 1216 3654 5521,
1240 3568 1271 3634 4.
1288 3607 1332 3619 -
1349 3567 1389 3632 of.

326 3677 537 3762 Rosenberg,
573 3675 688 3748 Jahrb,
721 3677 743 3742 f.
774 3677 874 3742 klass.
907 3676 1021 3742 Philol.
1055 3677 1108 3742 20.
1132 3676 1248 3761 Jahrg.
1272 3673 1389 3762 (1874)

326 3807 358 3870 p.
383 3784 456 3852 343.
528 3829 531 3834 2

414 3889 485 3954 Non
504 3889 623 3977 isolens
640 3899 689 3954 est
704 3889 900 3975 particulam
919 3893 971 3956 καί
986 3891 1258 3976 significationem
1270 3889 1391 3954 latinae

416 4071 436 4138 1)
453 4069 510 4124 ‘De
529 4070 709 4125 transitIonis
729 4068 866 4136 formulis,
895 4070 999 4140 quibus
1018 4075 1148 4126 oratores
1166 4069 1258 4124 Attici
1276 4071 1391 4139 praeter

326 4158 413 4215 Isoer.
433 4159 568 4216 Aeschin.
584 4160 733 4215 Demosth.
753 4159 889 4214 utuntur'.
909 4160 1101 4231 Bueckeburg
1123 4160 1199 4214 1878.
1219 4178 1245 4230 p.
1265 4158 1290 4212 9.

353 4241 355 4244 ¹
416 4250 436 4317 ⁹)
454 4249 509 4305 ‘De
529 4250 697 4304 transeundi
716 4249 879 4322 generibus,
906 4250 1009 4320 quibus
1028 4251 1119 4303 utitur
1138 4249 1234 4316 Isoer.‚
1253 4265 1390 4304 common·

328 4338 408 4394 tatio*
427 4339 622 4396 Universitata
642 4331 795 4416 Arsskrift,
814 4337 926 4411 Upsala
946 4338 1024 4393 1871.
1053 4357 1056 4362 ·
1120 4371 1122 4378 .
