3120 4930
598 495 819 560 ..49-

171 691 310 778 Antiph.
337 691 370 774 Ι,
399 691 448 754 14.
489 691 572 755 isac.
598 691 666 777 ΙΙΙ,
701 693 753 756 26.
794 690 948 754 Aeschin.
981 691 1016 770 I,
1044 689 1150 778 128),
1191 690 1247 754 alii

170 821 332 884 praesens
354 807 409 864 aut
426 799 590 885 futurum3
614 823 675 865 neo
691 809 798 886 potest
816 799 972 885 dubitari,
998 799 1076 886 quin
1092 799 1247 884 vulgares

170 908 297 972 fuerint
330 916 404 994 post
448 907 609 972 eiusmodi
653 909 756 973 verba
791 907 945 972 infinitivi
986 907 1168 993 praesentis
1211 917 1244 972 et

170 1015 276 1080 futuri
299 1016 345 1100 (v.
370 1015 471 1080 Fuhr.
496 1016 558 1080 Rh.
582 1015 666 1081 Mus.
692 1017 735 1082 33
760 1015 876 1101 [18t8t
894 1038 925 1101 p.
951 1015 1016 1080 575
1040 1017 1124 1102 sq.);
1148 1023 1246 1102 atque

170 1123 208 1187 id
233 1133 306 1208 post
328 1125 452 1210 μέλλειν
475 1122 509 1188 in
532 1123 722 1188 universum
746 1123 940 1188 vetustiores
966 1132 1113 1188 oratores
1136 1122 1242 1190 infini-

169 1231 277 1296 tivum
300 1231 410 1317 futuri,
434 1231 632 1296 recentiores
656 1231 769 1319 (etiam
792 1232 893 1296 Isoor.
920 1231 961 1296 of.
988 1231 1062 1314 VH,
1087 1231 1140 1301 47.
1166 1231 1243 1314 XX,

172 1339 225 1402 12.
252 1360 302 1422 ep.
327 1337 386 1421 IV,
411 1337 457 1425 6.)
482 1337 664 1424 praesentis
688 1338 882 1424 praetulisse
906 1337 1098 1422 videntur.¹)
1133 1359 1244 1423 quarn-

169 1467 270 1531 quam
294 1467 454 1510 nonaum
477 1445 607 1510 nescius
632 1444 672 1512 G.
697 1445 922 1510 Hermannum
947 1445 1073 1534 (opusc.
1098 1444 1158 1527 ΙΙΙ,
1184 1443 1243 1531 42)

170 1551 273 1616 futuri
298 1551 495 1618 infinitivum
526 1575 600 1617 cum
633 1551 734 1617 verbo
767 1553 891 1638 μέλλειν
924 1550 1080 1636 coniungi
1113 1550 1242 1615 omnino

168 1679 321 1742 negasse.
349 1658 544 1747 'Lycurgus
569 1660 718 1745 exeeptis
744 1658 871 1724 duobus
906 1659 985 1724 locis
1022 1659 1079 1746 (ἐξ
1104 1659 1156 1743 32,
1183 1657 1240 1740 67)

169 1763 367 1829 infinitivum
392 1765 575 1850 praesentis
599 1766 750 1832 adhibuit
775 1765 1030 1853 (quindeciens).
1056 1787 1241 1852 quaecum

168 1874 218 1938 ita
241 1874 316 1960 sint,
341 1873 456 1960 quidni
481 1875 579 1938 etiam
603 1883 676 1960 post
693 1876 842 1950 ἐπίδοξον
866 1876 953 1952 εἶναι,
979 1895 1083 1960 aeque
1107 1895 1146 1937 ac
1167 1881 1242 1958 post

168 1981 302 2068 μέλλειν,
337 1981 519 2066 praesentis
552 1981 751 2046 infinitivum
784 1991 976 2067 usurpatum
1005 1981 1105 2046 fuisse
1141 1986 1240 2044 statu·

170 2092 288 2154 amus?
313 2087 377 2152 nisi
400 2089 482 2153 forte
506 2088 688 2153 infinitivus
711 2087 743 2152 h.
769 2088 788 2152 Ι.
815 2087 944 2152 omnino
966 2086 1138 2152 redundat.
1164 2109 1240 2150 nam

170 2195 290 2280 optime
315 2219 332 2260 e
356 2194 576 2281 praecedente
606 2195 767 2260 infinitivo
801 2197 996 2283 γεγενῆσθαι
1019 2216 1078 2280 per
1102 2215 1241 2278 zeugma

169 2302 336 2388 quoddam
352 2302 499 2388 suppleri
515 2310 620 2388 potest
637 2303 833 2392 γενήσεσθαι
856 2302 910 2366 vel
934 2303 1110 2385 γίγνεσθαι.
1148 2301 1239 2364 cuius

169 2411 349 2494 zeugmatis
381 2409 507 2474 ratione
540 2431 605 2474 non
640 2419 815 2495 perspecta
847 2408 1000 2474 librarius
1030 2407 1141 2472 nescio
1167 2406 1239 2494 quis

168 2516 301 2581 iteravit
329 2518 511 2602 perfectum
544 2521 747 2606 γεγενῆσθαι.
786 2516 902 2603 quodsi
932 2517 1101 2580 Mastaner
1137 2514 1232 2580 huius

168 2645 245 2687 usus
269 2623 421 2710 exempla
445 2633 575 2689 exstare
598 2635 709 2709 negat,
744 2625 805 2688 hoo
828 2622 1030 2708 respondeo:
1061 2644 1139 2686 sane
1163 2630 1237 2707 post

167 2729 239 2814 ipsa
262 2729 365 2795 verba
397 2732 544 2806 ἐπίδοξον
578 2733 655 2796 εἶναι
690 2753 756 2796 non
791 2729 921 2815 saepius
954 2728 1119 2794 invenitur
1153 2728 1234 2794 haec

168 2845 331 2902 structura
363 2838 420 2926 (of.
443 2847 553 2903 tamen
573 2839 737 2924 'Hippocn
761 2861 793 2923 p.
820 2838 884 2902 ‘170
910 2840 952 2921 e),
977 2834 1035 2900 sed
1059 2835 1147 2900 haud
1170 2835 1237 2900 scio

167 2965 208 3008 au
233 2943 294 3010 soli
318 2945 408 3010 casui
432 2944 493 3010 hoc
518 2945 728 3010 tribuendum
752 2945 812 3027 sit3
844 2953 918 3030 post
942 2942 1106 3008 simillima
1130 2950 1237 3008 autem

165 3053 300 3138 μέλλειν,
325 3055 543 3140 προσδόκιμον
574 3055 662 3133 εἶναι,
686 3052 761 3137 alia,
786 3051 916 3137 saepius
941 3049 1121 3116 infinitivus
1146 3051 1237 3114 ornit-

165 3158 261 3225 titur:
296 3159 397 3226 Isocr.
421 3160 500 3244 XII,
528 3160 599 3225 103.
633 3161 695 3245 IV,
723 3161 795 3228 136.
828 3159 872 3243 Χ,
897 3160 950 3226 26.
987 3158 1156 3224 Demosth.
1182 3181 1236 3244 ep.

163 3263 224 3330 IV.
248 3267 295 3351 (p.
324 3266 407 3330 1487
433 3265 484 3330 ed.
508 3267 638 3352 Reisk.)
666 3306 703 3315 -
728 3266 895 3354 (Thucyd.
921 3267 947 3350 Ι,
975 3266 1025 3330 14.
1061 3264 1183 3331 Herod.
1208 3265 1235 3350 Ι,

166 3371 218 3436 78.
254 3372 295 3450 V,
322 3374 394 3438 108.
434 3373 585 3460 Xenoph.
610 3373 717 3442 Anab.
742 3372 786 3456 ΙΙ,
813 3374 843 3451 ἵ),
868 3373 913 3459 5.)

255 3478 378 3566 Utique
401 3503 494 3546 rarus
520 3489 552 3545 ct
576 3479 617 3546 ab
642 3479 772 3565 optimis
797 3479 1013 3565 scriptoribus
1037 3478 1162 3544 alienus
1187 3487 1235 3542 est

164 3585 348 3652 infinitivus
372 3587 474 3652 futuri
497 3597 569 3672 post
598 3587 909 3676 παμασιιεοοίζεσδαι,
935 3586 991 3672 qui
1017 3594 1125 3651 exstat
1148 3590 1167 3668 ξ
1193 3585 1234 3650 76

162 3694 486 3782 παρασκευασάμενος
511 3697 604 3760 οὐδὲν
628 3695 821 3783 ποιήσειν
847 3695 900 3779 (cf.
920 3693 1065 3759 Classen.
1090 3692 1133 3758 ad
1149 3691 1236 3756 Thu-

163 3799 241 3894 cyd.
266 3801 310 3886 ΙΙ,
338 3802 389 3887 18,
416 3803 444 3866 1.
491 3800 623 3866 Herbst.
649 3800 764 3865 Philol.
791 3799 919 3864 XXIV.
944 3823 976 3885 p.
1002 3801 1087 3886 621).

253 4248 273 4315 1)
293 4248 346 4302 inf.
366 4265 426 4302 σον.
445 4266 502 4302 non
522 4248 630 4320 legitur
648 4247 704 4301 nisi
725 4263 767 4316 ap.
787 4245 856 4316 Lys.
875 4243 938 4313 XV,
952 4245 995 4299 10.
1009 4243 1079 4313 (Ps.)
1099 4244 1167 4316 Lys.
1180 4242 1232 4313 VI,

159 4337 205 4392 ev.
242 4335 378 4392 Aesona.
397 4337 450 4407 111,
470 4337 522 4392 153
542 4355 636 4407 agmn.

555 4455 557 4460 -
1052 4423 1069 4475 4
