3120 4930
750 529 793 540 ..-
841 488 884 554 64
932 528 973 536 -

320 681 412 766 VIII,
446 684 486 748 21
524 685 555 746 οἶ
591 687 846 772 κατηγομοῦντες
882 688 914 746 ἐν
951 685 1032 770 ὑμῖν.
1069 682 1112 746 itl.
1148 683 1275 766 XXIV,
1316 683 1388 748 134.

319 789 471 854 Aeschin.
489 789 550 872 III,
568 791 633 853 224
651 793 683 853 ἐν
699 791 815 854 ἅπασιν
840 791 1013 878 Ἀθηναίοις
1030 791 1239 877 ἐξελεγχθείς.
1265 791 1390 878 Hyper.

321 918 367 963 or.
392 896 456 980 III,
481 896 534 978 35,
563 897 602 960 16
639 896 702 978 (ed.
728 895 837 980 Blass)
863 899 895 958 ἐν
921 901 967 982 τῴ
992 897 1321 984 ι1ἡ1ιιῳ....ἐξή1ε·[ξα,
1346 897 1390 981 II,

318 1005 348 1086 3,
375 1004 391 1066 ”l
419 1006 452 1067 ἐν
477 1007 523 1089 τῷ
558 1002 910 1092 δήμοι...ᾐτιι1σαντο),
945 1015 1053 1066 tamen
1086 1003 1120 1066 in
1153 1003 1273 1067 talibus
1305 1007 1390 1091 παρὰ

320 1133 393 1173 oum
418 1110 529 1174 dativo
554 1125 586 1173 et
609 1113 689 1198 πμὸς
713 1133 787 1174 oum
811 1110 922 1173 datiuo
938 1118 994 1174 aut
1018 1109 1202 1175 aoousativo
1220 1111 1387 1195 praeferre

317 1217 481 1282 videntur.
508 1257 551 1266 -
581 1217 624 1280 ad
648 1215 894 1280 similitudinem
919 1215 1061 1302 aliquam
1085 1216 1200 1282 horum
1225 1217 1389 1303 exemplo-

317 1347 390 1388 rum
414 1325 576 1388 aocedunt
610 1330 629 1408 ξ
657 1325 715 1389 141
744 1326 988 1411 ἐνοοθιιλίιιοῖς
1022 1325 1111 1394 ὄντες
1145 1326 1194 1389 καὶ
1228 1325 1388 1412 ὁρώμενοι

319 1432 433 1519 (quarn
457 1431 656 1496 locutionem
679 1433 840 1520 poetieam
864 1454 934 1496 esse
958 1431 1114 1496 Kuehner
1138 1433 1238 1514 §431
1266 1453 1298 1516 p.
1322 1431 1388 1495 403

317 1537 499 1622 adfirmat),
533 1545 553 1622 ξ
581 1539 642 1603 142
669 1543 707 1603 ἐν
741 1547 806 1610 τοῖς
830 1541 1011 1626 ὀφθαλμοῖς
1043 1539 1306 1626 ἀναστρέφεσθαι
1331 1538 1387 1623 t‘in

316 1655 505 1730 conspeetu,
542 1655 617 1710 ante
652 1648 763 1710 oeulos
800 1645 892 1733 alos’)
918 1647 959 1711 of.
994 1644 1148 1710 Aeschin.
1184 1645 1227 1729 II,
1266 1645 1329 1709 158
1354 1648 1386 1708 ἐν

320 1753 392 1837 ὑμῖν
415 1753 698 1841 ἀναστρέφεσθαι..

407 1860 519 1924 Solent
543 1871 688 1924 oratores
706 1861 816 1924 dicere
840 1871 872 1924 et
890 1863 906 1923 ἔ
915 1886 931 1924 ν
956 1885 1015 1923 τινι
1033 1859 1172 1942 γίγνεται
1189 1859 1228 1946 (e.
1247 1860 1385 1937 δίδοται)

319 1969 447 2054 ἔλεγχος
471 1968 641 2033 Demosth.
666 1968 802 2052 XLVII,
832 1970 879 2032 16.
913 1967 969 2049 IL,
995 1969 1051 2046 55)
1093 1975 1125 2030 et
1150 1969 1188 2030 ἔκ
1212 1989 1296 2038 τινος
1321 1968 1385 2048 γέγ-

321 2099 407 2138 verro
425 2077 448 2140 ἔ.
466 2076 646 2160 (Demosih.
663 2075 799 2158 XLVII,
813 2076 864 2141 39.
883 2074 941 2158 IL,
958 2076 1032 2158 56);
1055 2073 1230 2162 Lycurgus
1246 2076 1279 2137 ἐν
1294 2095 1385 2136 usur-

315 2191 371 2266 pat
392 2191 412 2264 §
436 2184 494 2246 30:
521 2186 560 2246 ἐν
584 2190 649 2254 τοῖς
673 2183 959 2254 οἱκέταις.....τὸν
984 2184 1115 2270 ἔλεγχον
1141 2181 1300 2263 γενέσθαι.

403 2289 639 2355 Redundanter
663 2289 859 2376 praepositio
877 2273 910 2352 ἒν
927 2289 1040 2354 addita
1057 2297 1105 2352 est
1120 2294 1139 2370 ξ
1156 2289 1198 2352 82
1224 2287 1381 2373 ἐμμένειν

317 2397 355 2458 ἐν
380 2395 486 2482 τούτῳ
519 2419 563 2461 so.
599 2402 646 2484 τῷ
670 2397 767 2484 ὅμκῳ,
793 2396 868 2481 quia
893 2395 946 2460 hio
969 2396 1110 2472 fereest
1134 2417 1211 2459 usus
1236 2395 1377 2461 Graeco-

315 2526 397 2587 rum,
422 2514 458 2568 ut
481 2527 578 2568 sensu
602 2503 757 2568 translato
783 2503 933 2568 omittant
956 2509 987 2567 in
1011 2501 1131 2566 talibus
1164 2505 1213 2584 ἐν,
1247 2501 1382 2586 proprio

314 2631 411 2674 sensu
435 2620 568 2696 ponant.
602 2619 795 2678 nontamen
828 2611 902 2674 ideo
939 2632 1013 2675 oum
1037 2609 1201 2674 nonnullis
1225 2609 1382 2694 interpre-

313 2725 400 2789 tibus
425 2727 458 2789 ἐν
482 2747 615 2811 prorsus
639 2725 819 2790 reiecerim.
856 2749 898 2791 an
922 2735 1074 2810 putamus
1097 2734 1164 2790 tam
1188 2723 1286 2788 anxie
1314 2746 1381 2788 oer-

310 2841 379 2896 tam
403 2854 551 2898 normam
574 2854 725 2898 servasse
741 2832 943 2920 Lycurgum,
969 2855 1066 2919 quem
1090 2832 1178 2896 omni
1202 2831 1380 2919 aequabili·

309 2947 376 3004 tate
400 2940 557 3005 orationis
589 2940 741 3025 neglecta
764 2941 799 3004 id
822 2949 948 3029 tantum
971 2939 1134 3004 studuisse
1168 2947 1310 3022 constet,
1344 2947 1380 3003 ut

309 3056 562 3132 quantacunque
585 3056 693 3133 posset
709 3046 858 3110 ubertate
874 3047 1104 3132 gravitateque
1121 3046 1245 3110 dioeret
1256 3047 1279 3110 2
1291 3054 1380 3110 certo

308 3152 433 3238 plenior
450 3152 522 3216 illa
553 3153 690 3217 iteratae
723 3153 973 3244 praepositionis
1005 3161 1165 3219 struotura
1189 3157 1235 3240 (v.
1261 3175 1292 3238 p.
1324 3154 1380 3234 12)

218 3313 223 3321 .
308 3259 413 3343 magis
438 3259 514 3323 huie
538 3259 645 3323 studio
668 3260 832 3324 convenit.
859 3300 897 3312 --
925 3268 1068 3323 ceterum
1085 3281 1126 3323 ne
1142 3259 1380 3324 Demosthenes

308 3365 440 3452 quidem
465 3375 520 3431 aut
536 3368 697 3431 Isocrates
723 3371 756 3431 ἐν
772 3367 804 3430 in
823 3365 943 3431 talibus
960 3365 1058 3451 plane
1075 3375 1250 3451 respuunt:
1276 3367 1377 3432 Isoor.

307 3472 384 3554 VII,
409 3473 452 3537 43
486 3475 525 3535 ἐν
559 3474 668 3559 μόνοις
692 3475 731 3537 ἂν
757 3472 882 3544 τούτοις
906 3472 968 3558 (sc.
994 3479 1060 3543 τοῖς
1084 3477 1189 3544 καλοῖς
1215 3473 1377 3562 ἐπιτηδεύ-

306 3582 397 3666 μασι)
423 3579 564 3665 ἐμμένοι
588 3580 754 3644 Demosth.
779 3579 852 3662 XL,
877 3579 920 3643 39
954 3581 992 3642 ἐν
1019 3587 1083 3651 τοῖς
1107 3582 1302 3661 γνωσθεῖσιν
1326 3583 1377 3642 ἐν·

306 3687 419 3772 ἔμεινε.

394 3791 449 3855 Nil
483 3791 601 3856 mirum
635 3802 684 3857 est
706 3793 917 3878 neglegentia
950 3794 1157 3860 librariorum
1189 3792 1277 3858 haud
1301 3815 1376 3858 raro

305 3901 426 3973 fantum
448 3887 545 3983 esse,
577 3908 613 3964 ut
647 3901 926 3966 confunderentur
949 3902 1034 3965 inter
1058 3924 1092 3966 se
1116 3899 1376 3986 praepositiones

306 4010 338 4070 ἐν
364 4014 394 4069 et
418 4007 508 4092 ἐπζέ),
544 4007 591 4071 sio
615 4013 635 4090 ξ
659 4008 701 4071 52
728 4008 745 4096 ἦ
772 4009 822 4094 ἔμ’
847 4010 951 4097 Ἄμεὶῳ
975 4009 1067 4094 πάγῳ
1090 4008 1192 4096 βουλή
1217 4007 1295 4093 quin
1321 4006 1374 4072 de·

305 4121 480 4199 pravatum
513 4113 555 4177 sit
588 4137 629 4178 ex
655 4115 672 4203 ή
707 4117 746 4178 ἐν
771 4115 875 4202 Ἆμεὶιμ
900 4116 991 4201 πάγῳ
1014 4117 1115 4202 βουλὴ
1141 4116 1196 4198 (of.
1222 4115 1241 4200 ξ
1269 4117 1309 4178 12
1335 4117 1371 4178 τὸ

305 4224 338 4284 ἐν
361 4221 466 4309 Ἀμείιμ
490 4219 582 4307 πάγῳ
605 4222 774 4309 συνέδριον
799 4262 842 4269 -
866 4221 953 4308 quod
977 4223 1118 4286 recurrit
1142 4243 1194 4306 ap.
1211 4219 1372 4288 Dinaroh.

304 4330 329 4410 I,
358 4331 441 4412 112),
476 4327 563 4392 nullo
599 4328 695 4392 modo
731 4328 874 4394 dubitari
906 4337 1024 4412 potest.
1064 4327 1182 4392 etenim
1206 4327 1373 4412 legitimae
