3120 4930
702 502 924 566 ...28-

283 697 340 760 des
375 697 550 782 Bezugs“)‚
586 697 722 762 adhibet
756 697 922 764 dativum:
958 706 978 783 ξ
1016 701 1080 764 100
1117 704 1350 778 συνεθίζεσθαι

283 813 366 876 ταῖς
389 812 535 893 ψυχαῖς
565 808 601 869 τὸ
627 807 686 892 την
716 807 853 894 πατρίδα
883 810 991 892 ριλεῖν,
1024 808 1111 890 §40
1136 813 1189 896 τη)
1213 811 1348 896 χρόνῳ

281 919 392 977 πασῶν
417 914 503 977 ἐστὶν
535 914 735 1002 ἀρχαιοτάτη
770 919 828 997 (sc.
867 913 884 1002 η
910 915 1023 992 πόλιςλ,
1056 937 1117 977 nee
1149 916 1255 978 minus
1287 938 1347 1000 pro

281 1020 449 1084 usitatiore
479 1023 648 1105 genetivo:
685 1027 704 1103 ξ
734 1021 776 1085 48
806 1030 868 1109 οὐχ
897 1022 1016 1108 ὁμοίως
1052 1024 1181 1110 ἔχουσιν
1213 1025 1349 1096 ἅπαντες

284 1135 365 1198 ταῖς
390 1129 575 1199 εὐνοίαις.
623 1149 724 1213 quare
755 1150 797 1190 ne
830 1133 850 1210 ξ
881 1128 926 1192 40
957 1127 1099 1212 quidem,
1133 1128 1189 1192 ubi
1219 1129 1349 1196 codices

282 1234 430 1322 Lycurgi
454 1233 610 1298 exhibent
635 1236 701 1306 τὰς
727 1235 879 1322 ἡλικίας
902 1237 1151 1334 πρεσβητὲρους,
1183 1259 1256 1302 oum
1281 1236 1348 1300 edi-

283 1340 406 1405 toribus
431 1339 665 1404 Turicensibus
690 1348 774 1412 ταῖς
809 1339 978 1429 ἡλικίαις
1008 1341 1153 1406 scribere
1178 1342 1349 1408 dubitave-

282 1449 353 1534 rim,
384 1471 467 1534 quae
500 1448 596 1512 lectio
629 1447 751 1514 Snidae
781 1471 805 1512 s.
832 1471 862 1512 v.
888 1449 1132 1538 πεπορπημένος
1164 1451 1348 1516 testimonio

281 1557 473 1620 confirmata
516 1579 636 1640 magno
678 1556 810 1641 insuper
849 1557 1085 1622 simillimorum
1124 1559 1348 1644 exemplorum

281 1685 414 1762 nurnero
440 1661 637 1744 defenditur,
664 1662 753 1726 velut
775 1663 931 1729 Aeschin.
956 1665 999 1747 ΙΙ,
1024 1667 1067 1730 25
1083 1668 1120 1730 οί
1136 1667 1348 1756 πρεσβύτεροι

282 1778 347 1841 ταῖς
384 1771 523 1860 ἡλικίαις,
559 1769 709 1856 Thucyd.
740 1771 822 1852 V,3
860 1771 963 1860 ἡλικίᾳ
997 1773 1043 1836 ὢν
1075 1775 1121 1837 ἔτι
1152 1774 1221 1844 νέος
1252 1775 1346 1861 ἀνήρ·

281 1879 376 1964 plura
399 1901 429 1940 v.
455 1901 506 1962 ap.
531 1875 711 1941 Rehdantz.
737 1877 877 1962 append.
902 1877 944 1942 11.
971 1879 1013 1942 ad
1038 1879 1067 1943 h.
1093 1878 1114 1944 l.
1140 1919 1174 1927 —
1206 1879 1348 1966 denique

281 1983 396 2048 eadem
419 1984 545 2047 ratione
570 1981 684 2047 ductus
708 1985 807 2048 etiam
830 1989 849 2067 ξ
870 1985 931 2048 123
948 1987 1186 2072 ὑπερβαλέσθαι
1210 1988 1348 2058 ἐκείνους

282 2096 320 2179 τῇ
345 2092 485 2178 τιμωρίη
509 2111 582 2153 cum
605 2089 758 2155 Scheibio
775 2099 830 2154 aut
844 2097 910 2162 τοῖς
934 2093 1097 2178 τιμωρίαις
1114 2115 1188 2155 eum
1213 2089 1346 2180 Stepha-

283 2221 321 2261 no
343 2219 400 2282 pro
425 2195 543 2261 tradito
569 2201 624 2284 τῆς
642 2197 794 2285 τιμωρίας
822 2196 929 2283 (euius
965 2198 1180 2284 patrocinium
1204 2199 1348 2284 suscepit

281 2306 437 2370 Kuehncr
460 2311 479 2387 ξ
503 2306 578 2387 418,
604 2305 637 2388 6)
661 2304 763 2390 recipi
787 2304 895 2368 velim.

370 2413 474 2477 Venio
498 2416 563 2476 iarn
588 2413 631 2476 ad
655 2413 860 2478 accusativos
885 2435 927 2476 ex
950 2411 1062 2476 verbis
1086 2413 1274 2498 pendentes

369 2521 582 2586 Insolentiore
606 2529 769 2586 structura
792 2531 823 2584 et
847 2544 931 2608 quae
947 2521 1034 2606 apud
1055 2520 1139 2585 solos
1156 2523 1347 2588 recentioris

280 2632 396 2694 aetatis
413 2630 586 2714 scriptores
603 2629 767 2692 interdum
783 2629 970 2694 inveniatur
986 2629 1195 2694 coniunctum
1212 2639 1260 2694 est
1272 2637 1290 2712 ξ
1304 2632 1346 2695 88

281 2740 417 2802 verbum
441 2744 652 2826 κληρονομεῖν
677 2760 750 2802 cum
775 2738 982 2802 accusativo:
1001 2740 1082 2829 ὑπὲρ
1097 2739 1133 2825 ῆς
1151 2743 1208 2821 (sc.
1222 2739 1346 2826 χώρας)

281 2847 340 2932 χὰρ
365 2846 451 2910 οὕτω
477 2845 604 2932 σφόδρα
629 2843 838 2929 ἐσπούδαζον,
871 2846 997 2916 δικαίως
1022 2846 1173 2934 ταύτην
1197 2847 1246 2909 καί
1271 2849 1345 2912 τεθ·

281 2959 394 3022 νεῶτες
419 2952 731 3040 ἐκληρονόμουν,
762 2952 853 3016 onius
886 2974 964 3016 usus
998 2951 1148 3036 exempla
1178 2951 1257 3015 mihi
1281 2975 1345 3016 non

280 3069 408 3142 praesto
433 3068 507 3122 sunt
531 3058 592 3122 nisi
617 3059 712 3123 haee:
742 3057 858 3145 Polyb.
891 3059 951 3144 ΙΧ,
977 3059 1028 3124 39.
1077 3057 1161 3122 Plut.
1193 3057 1271 3124 Sull.
1317 3081 1345 3122 c.

280 3169 310 3230 2.
358 3165 495 3234 Lucian,
522 3165 598 3230 dial.
623 3175 717 3234 mort.
741 3166 803 3250 ΧῙ,
829 3167 858 3231 3.
906 3167 1025 3232 Athen.
1051 3167 1090 3233 V.
1115 3189 1146 3250 p.
1177 3165 1238 3228 211
1266 3166 1346 3254 F.¹)

281 3273 320 3336 cl.
346 3272 502 3337 Kuehner
526 3279 545 3356 ξ
569 3273 633 3336 416
658 3273 733 3338 adn.
758 3274 788 3338 9.
836 3273 995 3338 Matthiae
1018 3273 1037 3360 ᾗ
1063 3273 1136 3340 329.
1172 3312 1214 3321 -
1248 3272 1345 3337 etiam

280 3379 313 3442 ln
349 3379 458 3443 verbis
482 3385 501 3461 ξ
528 3383 567 3446 19
603 3381 645 3452 ὡς
669 3381 718 3444 καί
747 3382 868 3466 μεγάλα
900 3381 1069 3468 βεβλαρως
1104 3379 1165 3467 (sic
1202 3378 1345 3464 Sauppe-

279 3485 448 3550 Thalheim
484 3525 526 3533 -
562 3488 810 3574 καταβεβλορώς
835 3487 1014 3567 Rehdantz,
1039 3486 1188 3569 Jenioke,
1214 3526 1257 3535 —
1296 3487 1345 3550 καί

279 3593 415 3678 pirithous
432 3592 539 3676 codd,
563 3614 645 3678 quae
669 3592 772 3657 verba
795 3593 883 3656 nullo
908 3593 1002 3656 modo
1028 3594 1131 3656 teneri
1154 3615 1249 3678 posse
1274 3592 1345 3656 luce

280 3699 398 3764 clarius
434 3703 498 3788 est)
534 3701 581 3790 εἴη
618 3702 688 3788 τὴν
723 3703 1004 3790 πεντηκοστὴν
1032 3703 1215 3790 μετέχων
1238 3708 1345 3772 αὐτοῖς

279 3811 503 3872 accusativum
527 3832 544 3872 e
567 3809 669 3872 verbo
693 3811 848 3897 μετέχειν,
875 3809 960 3894 quod
985 3808 1065 3874 alias
1082 3809 1272 3894 genetivum
1289 3809 1345 3873 ad·

279 3915 397 3998 sciscit,
422 3915 565 4000 pendere
590 3916 676 3980 haud
693 3917 738 3980 ita
760 3916 919 3980 absonum
935 3939 1005 3980 esse
1024 3915 1154 3980 videtur
1171 3917 1341 4002 suspicari,

279 4043 474 4108 quamquam
499 4031 583 4086 totus
608 4022 660 4086 hio
685 4022 783 4106 locuS,
809 4023 842 4087 in
867 4046 929 4110 quo
954 4024 1162 4110 expediendo
1188 4032 1344 4110 quantum

278 4185 491 4192 --...-.-.-

368 4271 388 4338 ¹)
410 4271 457 4324 ubi
478 4275 572 4325 tamen
591 4273 657 4337 cod.
686 4272 777 4326 Paris.
798 4270 822 4326 C¹
849 4270 1042 4336 ἀποθανόντος
1062 4273 1184 4342 praehet
1203 4291 1253 4345 pro
1274 4270 1339 4326 ἄασ-

278 4362 412 4424 cartura,
430 4359 507 4415 ‘fort
526 4361 623 4430 reete',
642 4367 674 4415 ut
693 4361 813 4416 adnotat
832 4362 947 4416 Kaibel.
