3120 4930
526 568 626 600 .-
676 527 808 592 63·-

145 729 213 814 (cf.
238 750 270 812 p.
295 727 362 810 47),
386 726 433 789 ita
456 735 492 789 ut
508 724 597 788 notio
625 724 677 810 ,in
695 723 858 808 Hinsicht,
875 723 934 788 mit
950 722 1131 786 Riioksicht
1148 723 1222 787 auf“

145 835 261 898 subsit
286 832 518 918 praepositioni
544 834 604 915 είς;
637 854 738 918 quare
771 840 859 896 recto
883 831 961 896 mihi
986 831 1119 894 videtur
1142 830 1224 918 Reh-

145 943 255 1008 dantz
281 940 434 1004 vertisse:
472 939 633 1022 ,sondern
668 961 744 1004 cure
775 932 958 1022 Rechnung
983 938 1066 1003 wird
1093 939 1153 1002 auf
1173 939 1225 1002 die
1346 931 1347 943 ¹

144 1049 261 1114 Sache
285 1047 446 1132 gerichtet
470 1047 571 1110 sein.“
598 1045 812 1109 -similiter
838 1044 994 1110 dixerunt
1017 1045 1149 1130 Antiph.
1165 1045 1223 1128 VI,

144 1156 181 1222 a.
225 1155 303 1243 cys.
329 1155 407 1238 xx,
446 1155 496 1218 α.
522 1151 820 1235 Demostheni,
848 1154 865 1216 τ
890 1153 992 1234 isael
1017 1154 1059 1224 εις
1083 1137 1161 1218 σοι)
1188 1155 1223 1216 a

144 1267 295 1350 πρᾶγμα,
333 1261 484 1326 Aeschin.
521 1261 589 1344 III,
628 1259 689 1323 197
728 1265 793 1330 τοῖς
829 1261 871 1330 εἰς
907 1261 985 1323 αὐτὸ
1022 1261 1059 1322 τὸ
1095 1263 1224 1346 πρᾶγμα

146 1371 309 1453 λέγουσιν.
403 1443 406 1454 ¹

243 1474 395 1561 Denique
424 1481 443 1560 ξ
470 1475 533 1538 139
558 1477 611 1545 εἰς
646 1477 702 1538 τὸν
733 1475 813 1538 ἴδιον
846 1473 934 1536 οἷκον
965 1455 1061 1544 αὐτὰς
1085 1476 1142 1552 (sc.
1169 1475 1223 1544 τὰς

146 1583 361 1670 λειτουργίας)
395 1583 680 1670 περιποιησάμενοι
713 1581 734 1648 i.
768 1603 796 1644 e.
822 1578 911 1643 ‘suae
943 1579 1087 1664 ipsorum
1113 1578 1223 1642 domui

144 1695 205 1775 (ut
237 1687 376 1775 lucrum)
412 1686 485 1752 illas
520 1687 693 1772 (liturgias)
729 1687 946 1774 acquirentes'
979 1685 1222 1770 praepositione

146 1797 196 1868 εἰς
227 1817 303 1858 usus
337 1804 385 1858 est
418 1793 605 1882 Lycurgus,
639 1793 696 1858 ubi
732 1793 846 1856 eodem
881 1793 951 1858 iure
987 1794 1066 1880 πρὸς
1100 1815 1222 1878 ponere

145 1903 273 1987 potuit3
298 1903 340 1965 cf.
357 1902 458 1966 Isocr.
476 1901 570 1986 XVI,
595 1901 637 1965 3⁴2
655 1905 709 1972 τὰς
733 1901 1061 1987 ρὲν...λειτοορνίας.
1075 1901 1221 1988 πρὸς

147 2011 226 2082 τοὺς
258 2010 386 2081 πολίτας
421 2011 509 2091 εἶναι,
547 2011 600 2080 τὰς
635 2009 800 2078 δὲ....είς
835 2009 961 2072 ἅπασαν
999 2007 1058 2093 τὴν
1092 2005 1218 2072 Ἐλλάδα

147 2118 329 2200 γίγνεσθαι.

656 2205 705 2275 ὡς
1145 2269 1148 2276 .

149 2313 356 2401 particulam,
381 2337 477 2402 quam
495 2309 672 2380 Aeschines
690 2312 832 2376 maxime
848 2313 1033 2398 frequentat
1056 2311 1103 2397 (v.
1117 2310 1217 2373 Treu-

147 2421 262 2507 tepohl
285 2421 305 2486 l.
331 2445 358 2504 c,
384 2445 414 2508 p.
441 2423 493 2501 39,
528 2421 583 2508 qui
616 2428 724 2485 tamen
759 2429 863 2502 errat,
899 2441 972 2484 cum
1005 2428 1099 2502 putat
1131 2417 1218 2504 apud

147 2529 403 2594 Demosthenem
437 2551 602 2615 nunquam
626 2527 756 2592 omnino
781 2529 823 2600 ὡς
862 2525 1115 2612 praepositionis
1147 2525 1218 2590 loco

146 2635 316 2702 adhiberi:
340 2635 438 2700 immo
455 2635 575 2719 legitur
591 2635 680 2720 apud
697 2657 778 2719 ,eum
802 2633 861 2718 IV,
885 2634 939 2699 48.
966 2633 1042 2718 VII,
1068 2633 1097 2697 9.
1124 2631 1217 2715 VIII,

146 2743 201 2806 35.
227 2743 322 2828 XIX,
348 2743 437 2826 316),
470 2751 606 2828 usurpat
629 2743 804 2830 Lycurgus
829 2741 928 2806 semel
952 2748 1079 2804 tantum
1102 2737 1215 2802 modo:

147 2853 169 2930 ξ
193 2849 233 2913 27
259 2849 313 2912 ἐάν
338 2871 383 2920 τις
406 2849 521 2914 ἄλλοσέ
545 2875 598 2913 ποι
622 2849 782 2938 σιτηγήσῃ
809 2849 827 2937 η’
852 2850 901 2920 ὡς
919 2850 1007 2934 ὑμᾶς.

233 3061 268 3116 u.
305 3061 350 3117 Dc
369 3061 645 3131 praepostttonlbus
664 3077 729 3118 oum
749 3063 813 3117 solo
833 3061 933 3117 dativo
953 3061 1130 3117 coniunctis.

660 3170 701 3230 ἐν
977 3166 984 3172 ’

236 3291 300 3355 Pro
325 3291 465 3356 looativo
482 3294 661 3380 Μαραθῶνι
684 3292 799 3377 (Isocr.
817 3290 874 3374 IV,
900 3291 954 3358 91.
978 3290 1018 3374 V,
1040 3291 1112 3354 147.
1138 3311 1213 3354 con-

144 3409 198 3462 tra
222 3397 317 3482 VIII,
342 3398 397 3482 38)
423 3402 462 3462 ἐν
486 3400 663 3486 Μαραθῶνι
686 3397 807 3483 legitur
831 3403 850 3480 ξ
877 3397 940 3460 104
963 3399 994 3461 οἵ
1018 3399 1094 3480 γοῦν
1119 3400 1151 3461 ἐν
1175 3398 1214 3461 Μ.

145 3505 414 3594 παραταξάμενοι.
456 3513 599 3570 ceterum
630 3505 832 3584 vicinitatem
864 3504 898 3570 iu
922 3504 1042 3568 talibus
1066 3505 1214 3569 denotari

146 3621 284 3678 constat.
310 3612 350 3676 cf.
376 3613 451 3700 §16
476 3617 532 3701 τῆς
557 3617 596 3677 ἐν
621 3615 801 3702 Χαιρωνείᾳ
816 3615 935 3700 ριίχης,
961 3613 1039 3695 §70
1063 3615 1101 3675 ἐν
1117 3614 1214 3677 Σαλα-

144 3726 437 3807 ρίνι..ναοραχείν.
462 3721 538 3804 §73
564 3723 599 3785 τὸ
626 3724 667 3784 ἐν
691 3724 842 3807 Σαλαμῖνι
867 3722 1031 3808 τρόπαιον.
1056 3743 1087 3785 V.
1112 3721 1214 3784 Bern-

145 3827 254 3915 hardy
277 3849 309 3912 p.
334 3829 408 3892 207.
435 3828 590 3893 Kuehner
605 3833 634 3910 Ἰξ
658 3830 733 3914 431,
761 3831 789 3910 1,
814 3851 842 3893 c.

234 3933 288 3998 Ad
306 3933 442 4000 localem
459 3935 544 4000 hanc
561 3935 812 4020 praepositionis
830 3938 863 3999 ἐν
879 3935 1044 3999 notionem
1062 3934 1212 4020 proxime

145 4040 307 4106 accedunt
322 4041 403 4106 haec
421 4043 588 4128 exempla:
606 4049 626 4126 ξ
643 4045 682 4109 19
700 4047 738 4106 ἐν
756 4048 803 4130 ’τῴ
821 4045 914 4132 δηριρ
931 4041 1065 4127 (coram
1081 4040 1211 4127 populo'

144 4145 248 4211 =‘ad
265 4147 446 4236 populum')
463 4157 663 4238 κατηγορεῖν,
679 4155 698 4232 ἓ
714 4150 773 4212 ill
794 4151 852 4236 την
869 4153 907 4212 ἐν
924 4153 972 4234 τῷ
989 4149 1082 4238 (λη’ρῳ
1100 4149 1211 4236 κρίσιν,

93 4251 96 4263 ’
143 4276 239 4341 quem
273 4276 367 4319 usum
403 4279 598 4342 quamquam
632 4279 697 4320 non
731 4255 860 4318 omnino
885 4265 1044 4339 respuunt
1068 4264 1211 4319 oratores

142 4361 259 4449 (Isocr.
293 4362 403 4446 XVII,
438 4365 480 4428 29
515 4365 588 4436 τοὺς
623 4369 747 4446 ἀγῶνας
781 4364 854 4434 τοὺς
879 4365 911 4426 ἐν
936 4363 1018 4448 ὑμῖν.
1044 4362 1210 4432 Demosth.
