3120 4930
735 477 958 561 -74-'

318 689 421 753 verba
452 689 605 754 affectum
637 688 737 754 animi
769 688 1003 774 significantia,
1037 689 1241 754 notissimum
1265 698 1314 754 cst
1339 695 1385 773 (v.

318 796 475 861 Kuehner
510 802 529 880 ξ
565 790 720 880 438‚'11,
756 799 819 882 e.):
855 796 941 879 §25
978 797 1029 884 ἐφ’
1066 801 1111 868 οἷς
1146 798 1249 883 μέλλιο
1287 797 1386 879 λέγειν

319 909 617 986 ἀγανακτῆσαι,
650 911 669 987 ξ
697 904 770 971 139.
799 909 819 986 ξ
843 904 884 967 21
911 905 971 968 ἐπί
997 909 1062 975 τοῖς
1085 905 1200 975 δεινοῖς
1225 905 1385 991 ὀργιζό·

322 1035 449 1090 οενοι,
482 1011 502 1092 ξ
537 1012 586 1074 ill.
612 1017 632 1093 ξ
663 1013 701 1074 41
741 1013 962 1098 ἐδάκρυσεν
995 1012 1054 1084 ἐπί
1088 1017 1386 1097 ταῖς..σομιροραῖς,

319 1117 400 1182 ibid.
433 1119 493 1182 ἐπὶ
524 1123 571 1203 τῷ
595 1119 771 1206 αὐτόχθων
796 1118 1165 1204 είναι..ἐσεμνύνετο.
1193 1123 1212 1202 ξ
1240 1119 1302 1184 104
1326 1119 1386 1182 ἐπί

320 1229 360 1312 τῆ
384 1224 580 1313 δόξᾳμέγα
603 1224 1386 1314 φρονοῦντες,ς138ἐκπέπληγμαι..ἐπί

294 1361 297 1368 ·
322 1339 385 1402 τοῖς
408 1333 489 1417 μήτε
515 1333 596 1412 γένει
619 1333 701 1420 μήτε
725 1331 813 1421 ιριλίᾳ
836 1333 938 1420 μηδὲν
954 1331 1324 1421 προσήκονσινζέτοςω.
1344 1331 1386 1396 78

320 1441 372 1528 ἐρ’
389 1443 435 1511 οἷς
451 1444 596 1530 κανχᾲ,
613 1441 644 1503 οἱ
659 1443 746 1504 ἄλλοι
764 1440 1044 1527 αἰσχύνονται.
1070 1438 1128 1503 sed
1146 1437 1244 1503 valdo
1260 1460 1386 1516 vereor,

260 1611 267 1624 ,
319 1571 360 1612 ne
392 1556 478 1610 stare
504 1541 575 1610 'nou
605 1545 721 1631 possit,
755 1546 842 1632 quod
872 1545 1027 1610 traditum
1052 1555 1101 1610 est
1124 1551 1144 1629 ξ
1169 1545 1209 1609 47
1236 1547 1296 1610 ἐπί
1323 1552 1387 1616 τοῖς

322 1654 557 1742 τείχεσι...τὴν
582 1653 690 1717 ἐλπίδα
714 1655 859 1740 ἔχοντες,
894 1652 972 1738 quia
1000 1651 1034 1715 in
1065 1650 1186 1716 talibus
1210 1655 1243 1715 ἐν
1266 1672 1388 1736 ponere

323 1760 427 1824 solent
455 1768 615 1827 oratores:
649 1761 749 1825 lsoer.
783 1759 841 1837 IV,
868 1761 927 1824 121
961 1763 1000 1823 ἐν
1031 1759 1141 1845 ἐκείνῳ
1175 1759 1228 1830 τὰς
1261 1760 1387 1829 ἐλπίδας

321 1871 445 1956 ἔχομεν,
482 1866 523 1950 V,
558 1868 611 1933 55.
648 1865 740 1950 VIII,
777 1866 829 1932 60.
867 1865 932 1950 (Ps)
968 1865 1137 1932 Demosth.
1173 1865 1297 1950 LVIII,
1333 1864 1386 1928 60.

320 1973 477 2038 Dinarch.
510 1973 536 2058 Ι,
565 1973 618 2039 36.
653 1972 709 2036 sed
742 1973 821 2059 quid
845 1971 963 2059 plura?
987 1993 1094 2037 nonne
1118 1972 1188 2057 ipsc
1212 1971 1387 2060 Lycurgus

321 2081 403 2145 dicit
438 2081 524 2163 §39
559 2083 591 2144 αῖ
627 2083 849 2152 ἐλπίδες.·.ἐν
886 2087 950 2152 τοῖς
985 2081 1063 2168 ὑπὲρ
1097 2081 1296 2169 πεντήκοντα
1330 2081 1386 2167 ἔτη

321 2190 468 2272 γεγονόσι
492 2191 756 2278 καθειστήκεσαν.

410 2295 538 2362 Causae
571 2295 767 2380 significatio
798 2295 895 2360 etiam
927 2295 978 2360 his
1011 2295 1090 2360 locis
1124 2294 1297 2360 statuenda
1320 2303 1386 2361 est:

320 2403 406 2484 §63
441 2402 592 2490 τοιαύτην
624 2404 798 2485 ἀπολογίαν
832 2402 1101 2488 ποιούμενοι....,
1135 2406 1190 2489 ἐφ’
1215 2399 1234 2488 ᾗ
1258 2402 1388 2472 δικαίως

320 2515 358 2573 ἄν
395 2533 439 2582 τις
473 2511 686 2588 (ἀποθάνοιεν,
722 2511 809 2593 §65
840 2512 901 2574 ἐπί
932 2515 1008 2574 πάσι
1043 2511 1092 2574 καί
1118 2517 1182 2580 τοῖς
1207 2510 1388 2596 ἐλαχίστοις

320 2621 568 2709 παρανομήμασι
609 2620 752 2684 θάνατον
790 2619 912 2706 ὥρισαν
951 2621 1028 2682 εἶναι
1069 2619 1127 2704 τὴν
1167 2617 1289 2704 ζημίαν.
1334 2616 1386 2695 (of.

320 2727 448 2792 Andoo.
474 2728 502 2810 I,
526 2728 578 2790 49.
605 2728 696 2791 οὗτοι
720 2728 780 2790 ἐπί
805 2732 871 2797 ταῖς
887 2727 999 2796 αἰτίαις
1016 2725 1056 2790 διΙ
1081 2725 1117 2796 ἀς
1142 2725 1229 2812 ἡμεῖς
1253 2722 1387 2788 ἀπολλύ-

319 2837 406 2922 μεθα
430 2837 461 2898 οῖ
492 2835 550 2922 μὲν
583 2837 689 2897 αὐτῶν
723 2835 891 2911 τεθνᾶσιν,
924 2834 955 2896 οῖ
979 2835 1014 2897 δὲ
1038 2833 1183 2920 οἴχονται
1216 2829 1388 2918 φεύγοντες

320 2941 473 3006 Aeschin.
497 2940 560 3026 III,
596 2940 661 3006 235
696 2943 749 3012 τὰς
782 2942 883 3013 αἰτίας
918 2944 1051 3006 ἀκοῦσαι
1085 2940 1137 3027 ἐρ’
1171 2943 1218 3010 οἷς
1256 2939 1388 3024 ἔμελλον

320 3049 563 3138 ἀποθνήσκειν.)

748 3139 796 3224 3.)
820 3160 847 3201 e.
873 3159 957 3202 eoo.

409 3245 520 3309 Pauca
549 3245 601 3312 hie
634 3244 749 3328 habeo,
776 3267 859 3331 quae
883 3242 1047 3329 adnotem,
1074 3241 1150 3328 quia
1174 3242 1389 3328 sempe1·fere

320 3351 384 3416 loci
415 3350 518 3436 notio,
553 3374 636 3437 quae
669 3349 715 3415 nil
748 3351 825 3416 novi
861 3350 1007 3436 praebet,
1031 3349 1126 3415 nobis
1150 3348 1301 3412 occurrit.
1326 3347 1389 3412 nisi

322 3457 408 3544 quod
443 3457 516 3522 finis
551 3468 583 3522 et
618 3457 789 3523 consilium
825 3458 999 3522 denotatur
1034 3463 1053 3539 ξ
1080 3457 1124 3519 45
1160 3458 1214 3519 ἐπ’
1250 3458 1388 3543 ἐκφορὰν

322 3569 438 3644 ἐλθεῖν,
474 3565 557 3647 §57
592 3565 739 3630 σπεύδειν
770 3565 1061 3653 ἐπί...βοήθειαν.
1096 3561 1214 3646 fragm.
1248 3561 1291 3627 96
1325 3569 1389 3633 τοῖς

321 3675 383 3738 ἀπὸ
409 3676 464 3760 τῆς
488 3671 613 3760 φύσεως
636 3675 771 3755 ἀγαθοῖς
797 3674 862 3737 ἐπί
889 3674 927 3736 τά
951 3672 1049 3760 χείρω
1074 3675 1227 3758 χρῶνται.

801 3790 913 3876 παρά

748 3898 790 3980 1.)
815 3918 843 3960 ο.
868 3916 959 3980 gen.

411 4003 476 4084 Qui
501 4003 614 4070 dedite
638 4026 737 4090 opera
761 4004 794 4068 in
819 4002 1097 4089 praepositionum
1112 4025 1206 4067 usum
1221 4001 1389 4090 Lycurge-

321 4135 376 4175 um
399 4106 616 4197 inquisiverit,
646 4111 741 4176 facile
766 4110 934 4195 intelleget
958 4108 1300 4174 circumlocutionibus
1325 4129 1388 4172 om·

322 4218 410 4282 nlum
426 4218 567 4282 maxime
584 4221 669 4307 παρὰ
686 4217 829 4285 εετνίτθῑ
847 4219 920 4301 §15
938 4220 996 4304 τὴν
1014 4243 1035 4282 π
1045 4241 1065 4282 α
1074 4219 1105 4304 μ’
1122 4217 1211 4304 ὑμῶν
1224 4216 1389 4303 τιμωρίαν,

322 4333 341 4410 ξ
368 4326 431 4390 126
465 4332 520 4417 τῆς
553 4330 658 4418 παρὰ
684 4335 756 4394 ’τοῖν
788 4328 1005 4416 ἀδικουμένων
1030 4329 1192 4418 τιμωρίας,
1216 4334 1236 4410 ξ
1264 4327 1324 4391 148
1351 4332 1390 4415 τῇ
