3120 4930
602 460 824 534 ..333

155 666 271 732 δότων
295 665 348 750 (cf.
372 665 569 754 Bernhardy
593 687 624 750 p.
650 665 737 750 323),
762 665 879 752 quibus
903 687 945 728 ex
969 663 1048 728 locis
1073 651 1234 748 intellegi-

155 783 217 838 tur
241 771 434 859 temporalia
458 772 664 859 potissimum
688 771 849 838 adverbia
873 771 920 836 sic
945 771 1095 837 adhiberi
1122 771 1164 837 ad
1188 794 1239 838 ra-

157 881 291 946 tionem
316 879 471 966 temporis
506 879 652 945 breviter
676 879 888 964 graviterque
913 877 1133 944 indicandam.
1183 880 1239 966 (cf.
1269 905 1271 910 ·

156 987 322 1053 Aeschin.
347 987 391 1072 II,
419 988 481 1052 120
507 988 565 1074 την
590 987 739 1075 ἐξαίφνης
756 988 909 1072 ὁμόνοιαν
925 984 1094 1051 Demosth.
1108 983 1237 1069 XVIII,

160 1095 229 1161 197
264 1095 294 1158 οἵ
326 1094 477 1169 redduci
514 1095 631 1182 ἐχδραί
669 1093 921 1182 (Ps)Demosth.
959 1091 1068 1175 XVII,
1108 1093 1157 1158 13.
1191 1093 1238 1158 cf.

158 1201 264 1266 etiam
287 1201 496 1286 Frohberger
521 1201 563 1266 ad
580 1201 658 1290 Lys.
676 1201 769 1280 XIV,
793 1202 847 1284 40,
872 1199 928 1264 ubi
944 1199 1067 1288 Lysiae
1084 1199 1235 1286 exempla

158 1308 396 1396 colleguntur).
443 1308 572 1374 videtur
609 1317 718 1374 autem
752 1307 925 1395 Lycurgus
951 1307 1080 1392 saepius
1105 1305 1240 1393 reliquis

159 1416 350 1482 oratoribus
375 1417 408 1481 in
432 1417 494 1481 hoc
519 1439 639 1501 genere
663 1423 811 1480 versatus
838 1435 918 1478 esse.

259 1523 369 1588 Etiam
404 1523 477 1589 aliis
518 1546 576 1608 pro
613 1522 787 1588 adiectivis
823 1519 1024 1584 circuitionis
1063 1519 1239 1604 generibus

164 1631 300 1717 saepius
325 1630 419 1696 solito
437 1638 546 1696 orator
565 1630 676 1714 utitur,
702 1651 840 1716 quorum
864 1650 970 1713 pauca
987 1633 1115 1691 tantum
1131 1649 1239 1692 exem·

161 1737 222 1824 pla
246 1737 411 1805 adferam:
451 1737 533 1820 §31
571 1740 625 1808 τὰς
659 1739 691 1800 ἐν
717 1742 781 1807 τοῖς
814 1737 922 1822 νόμοις
947 1734 1061 1806 δασέας
1085 1735 1160 1819 (pro
1185 1737 1240 1807 τὰς

164 1845 302 1932 νομίμας
328 1848 361 1910 δ’
387 1844 439 1908 vel
459 1847 511 1916 τὰς
530 1848 564 1911 δ.
589 1845 642 1915 τὰς
660 1847 693 1906 ἐν
717 1849 783 1914 ταῖς
800 1843 908 1928 νόμοις
924 1840 1127 1928 ὡρισμένας),
1152 1845 1172 1924 ξ
1196 1841 1239 1906 34

163 1956 223 2038 τῆς
251 1955 284 2016 ἐκ
309 1956 376 2016 τῶν
401 1952 508 2038 νόμων
533 1951 695 2037 τιμωρίας,
727 1955 746 2031 ξ
773 1947 835 2012 148
861 1954 925 2012 τῶν
950 1949 1029 2012 κατὰ
1053 1949 1239 2036 προαίρεσιν

161 2058 381 2147 ἀδικημάτων.
431 2058 526 2144 plura
559 2058 759 2153 adferentur,
784 2055 842 2120 ubi
867 2054 907 2118 de
941 2055 1238 2140 praepositionibus

163 2175 293 2251 agetur.

255 2273 321 2339 Sed
345 2271 596 2359 progrediamur
620 2271 662 2337 ad
687 2271 784 2336 aliam
807 2291 877 2334 rem
893 2275 1005 2334 notatu
1030 2268 1177 2360 dignam.⁴
1206 2270 1234 2334 si

163 2379 263 2465 enim,
288 2379 449 2466 quomodo
474 2379 632 2445 collocata
655 2379 720 2443 sint
746 2375 920 2460 adiectiva,
946 2375 1143 2462 quaerimus,
1168 2398 1237 2441 ora-

164 2495 269 2550 torem
294 2487 327 2552 in
353 2486 664 2572 praedicativa
693 2508 777 2572 quae
802 2483 922 2547 dieitur
946 2481 1158 2549 collocatione
1182 2482 1237 2547 ad-

164 2593 311 2659 hibenda
346 2594 439 2680 quasi
472 2593 620 2659 exultare
654 2591 893 2675 intellegimus:
929 2591 990 2672 §1
1017 2591 1237 2655 Δικαίαν..καί

166 2703 422 2789 εὐσεβῆ....την
459 2703 564 2790 ἀρχὴν
598 2705 653 2788 τῆς
686 2696 1102 2788 κατηγορίας.,ποιήσομαι
1162 2703 1181 2779 ξ
1217 2699 1237 2762 6

167 2809 206 2872 τὰ
231 2811 322 2874 καινὰ
339 2815 404 2873 τῶν
427 2808 633 2898 ἀδικημάτων
650 2809 755 2878 κοινὰς
779 2809 828 2871 καί
854 2808 935 2890 τὰςῑ)
960 2807 1134 2892 προφάσεις
1151 2807 1236 2894 ἔχειν

165 2920 185 2998 ξ
211 2916 251 2980 12
275 2917 397 2982 δικαίαν
422 2917 480 3003 την
503 2920 615 3003 δῆμον
639 2915 746 3002 φέρειν
771 2913 830 3000 (ad
846 2913 941 2978 huius
966 2911 1029 2977 loci
1052 2911 1236 2976 similitudi·

167 3044 242 3086 nem
265 3022 337 3087 iure
360 3023 495 3088 Bekker
519 3022 701 3086 correxisse
725 3020 804 3084 mihi
828 3019 970 3105 videtur,
996 3019 1015 3105 ξ
1043 3019 1083 3083 13
1107 3028 1235 3108 εὐορκο-

48 3151 63 3178 ⁵
167 3127 267 3218 τατην
292 3131 366 3216 τὴν
389 3134 501 3218 δῆμον
525 3133 672 3212 ἐνεγκεῖν,
698 3149 762 3214 quo
786 3126 857 3192 loco
882 3128 952 3214 τὴν,
978 3124 1065 3212 quod
1089 3125 1123 3192 in
1147 3124 1235 3189 codi-

166 3235 260 3300 cibus
285 3235 438 3301 omissum
456 3245 513 3320 est,
532 3259 629 3322 quam
646 3235 741 3299 facile
759 3233 913 3298 excidere
929 3231 1071 3318 potuerit
1086 3241 1235 3317 apertum

165 3347 237 3425 est),
275 3341 294 3429 ξ
330 3343 372 3407 67
397 3344 479 3408 ἰδίαν
513 3345 570 3430 την
596 3343 751 3430 τιμωρίαν
776 3340 921 3429 ἐζήτησε,
963 3344 983 3422 ξ
1016 3340 1076 3403 101
1101 3340 1234 3426 δναπὲρ·

163 3449 288 3538 βλητόν
305 3473 374 3514 τινα
396 3453 444 3514 δεῖ
463 3452 521 3537 τὴν
538 3450 663 3515 εὔνοιαν
680 3451 773 3537 ἔχειν.
799 3453 818 3530 ξ
845 3448 907 3511 120
931 3446 1042 3532 ὁμοίας
1067 3447 1121 3517 τὰς
1139 3467 1234 3532 τιμω-

162 3556 235 3644 ρίας
252 3558 418 3621 ἐποιοῦντο
433 3565 495 3621 eto.
520 3579 585 3642 qua
608 3564 772 3620 structura
788 3553 829 3618 ab
848 3552 998 3617 omnibus
1013 3553 1081 3615 fere
1100 3553 1235 3617 oratori-

162 3663 227 3727 bus
250 3671 408 3749 usurpata
431 3673 540 3727 tamen
571 3661 626 3728 alii
659 3662 731 3727 aliis
756 3661 936 3747 freqentius
966 3666 1119 3724 utuntur:
1145 3657 1235 3743 apud

162 3769 373 3834 Andocidem
408 3779 524 3856 quater
559 3778 696 3853 tantum,
732 3767 822 3854 apud
855 3766 1059 3832 Dinarchum
1083 3765 1231 3850 noviens,

163 3876 297 3963 saepius
321 3875 409 3962 apud
433 3877 700 3960 Demosthenem,
731 3874 921 3960 saepissime
944 3872 1033 3959 apud
1057 3873 1233 3940 Isocratem

257 4143 277 4210 ²)
297 4148 405 4198 temere
424 4141 556 4196 Hertlein
583 4139 789 4207 (Coniecturae
814 4158 849 4192 zu
874 4139 982 4208 griech.
1002 4137 1176 4192 Presaikern
1195 4136 1234 4190 II.

162 4230 295 4302 Beilage.
325 4231 533 4304 Lycealprogr.
558 4230 725 4285 Wertheim.
747 4228 815 4282 1862
831 4243 860 4298 p.
879 4227 924 4296 24)
945 4228 993 4281 tois
1012 4228 1066 4282 eici
1086 4227 1156 4284 vult.
1196 4226 1232 4280 cf.

162 4320 258 4374 Rehd.
280 4322 315 4375 ad
336 4322 363 4375 h.
382 4322 401 4374 l.

1056 4407 1072 4456 3
