3120 4930
588 483 810 556 ..15-

160 689 209 748 tas
232 704 295 747 nec
327 680 520 770 plerumque
550 685 768 770 perspicuitas
799 708 863 750 non
894 697 1042 772 augetur.
1091 689 1226 754 eircum-

160 788 315 854 scribitur
339 789 465 858 scilicet
489 790 619 876 saepius
650 791 807 877 simplicis
841 791 935 857 verbi
966 793 1055 858 notio
1091 795 1228 860 verbo
1321 807 1324 816 '

159 903 290 962 ποιεῖν
324 919 348 962 ι.
385 901 595 965 ποιεῖσδαι
619 921 710 963 cum
739 899 980 964 accusativo
1004 901 1057 965 vel
1080 901 1227 966 substan·

160 1003 220 1068 tivi
244 1003 297 1068 vel
321 1003 477 1068 adiectivi
508 1006 563 1092 (ot.
598 1005 754 1071 Matthiae
785 1029 922 1091 gramm.
948 1028 1057 1091 graec.
1084 1008 1227 1094 §·421):

160 1115 180 1196 ξ
206 1111 221 1174 1
254 1114 418 1178 ποιεῖσθαι
443 1114 501 1200 την
516 1114 623 1200 ἀρχὴν
654 1114 768 1196 (Isoor.
792 1114 851 1198 IV,
879 1115 945 1200 15),
977 1114 1034 1178 ubi
1063 1115 1229 1180 sufficeret
1352 1164 1356 1171 -

159 1221 332 1306 ἄρχεσθαι,
375 1222 416 1301 ἐξ
452 1219 503 1302 11,
538 1219 579 1281 12
612 1221 775 1285 ποιεῖσθαι
812 1221 870 1306 την
907 1221 1101 1308 κατηγορίαν
1134 1221 1227 1309 (Lys

159 1323 239 1408 XII,
263 1325 319 1409 3.),
345 1330 364 1408 ξ
389 1324 432 1388 96
450 1325 508 1412 την
532 1325 743 1414 ἀποχώρησιν
767 1329 941 1405 ποιεῖοδαι,
966 1327 1064 1414 §102
1082 1329 1229 1404 ἐπίδειξιν

160 1433 322 1496 ποιεῖσδαι
346 1431 461 1519 (Isoer.
486 1431 545 1515 IV,
574 1433 623 1496 17.
649 1431 688 1518 V,
717 1434 765 1496 17.
790 1435 905 1516 93ης
945 1435 988 1498 20
1006 1437 1060 1506 τὰς
1077 1437 1229 1524 τιμωρίας

160 1540 322 1604 ποιεῖσθαι
347 1538 462 1624 (Isocr.
486 1537 544 1622 IV,
572 1538 658 1622 182).
920 1615 923 1622 Δ

247 1645 349 1710 Porro
374 1644 686 1719 circumscribuntur
711 1644 813 1709 verba
836 1647 992 1712 nonnulla
1025 1649 1157 1734 passivo
1185 1651 1228 1732 γέ-

161 1754 295 1834 γνεοδαι
318 1751 502 1818 consociato
527 1775 600 1816 cum
617 1743 747 1818 nomine
763 1751 967 1818 substantivo
985 1763 1040 1819 aut
1056 1755 1227 1842 adicetivo,

161 1857 247 1945 quod
271 1882 291 1924 a
314 1859 425 1924 verbis
448 1859 519 1924 istis
544 1859 727 1924 deducitur.
784 1859 884 1924 veluti
915 1883 974 1946 pro
1011 1863 1147 1951 ἡγοῦμαι
1172 1866 1228 1928 τὸν

160 1966 281 2054 πατέρα
304 1966 623 2052 αὐτῷ...ἁποίντιον
653 1969 692 2031 δν
715 1967 1010 2054 χαλεπώτατον
1035 1970 1228 2051 γενέσθαι

160 2074 313 2160 δικαστὴν
337 2074 372 2160 (5
399 2073 478 2158 136)
502 2094 567 2138 nou
584 2071 697 2136 minus
724 2073 805 2138 bene
830 2073 896 2136 dici
919 2095 1014 2158 posse
1044 2074 1225 2139 videtur...

159 2178 309 2244 ἁπάντων
332 2181 371 2243 δν
394 2179 605 2267 χαλεπώτατα
629 2178 754 2250 δικάσαι
778 2179 886 2244 αι’)τδν.
932 2179 1033 2245 nihilo
1057 2180 1164 2246 minus
1181 2189 1229 2245 est

160 2283 285 2372 aliquid
309 2285 508 2350 discriminis
532 2285 617 2349 inter
642 2284 723 2348 duas
747 2285 806 2350 has
830 2285 1025 2352 locutiones:
1042 2285 1098 2351 illa
1114 2287 1247 2351 fortior¹

160 2404 217 2476 est,
243 2391 365 2479 quippe
389 2414 454 2479 qua
477 2392 582 2476 magis
605 2400 761 2478 urgeatur
799 2400 968 2478 parentem
991 2393 1161 2458 Leocratis
1186 2417 1228 2458 ex

159 2499 381 2564 amantissimo
394 2509 488 2584 patre
504 2500 569 2566 iam
586 2499 828 2564 severissimum
845 2499 967 2564 factum
984 2521 1054 2564 ease
1071 2499 1222 2566 iudicem.

159 2605 308 2670 similiter
331 2607 399 2671 fere
422 2606 637 2672 iudicandum
661 2615 709 2672 est
734 2606 774 2670 de
798 2613 818 2690 ξ
844 2607 883 2672 71
902 2613 968 2680 πῶς
991 2610 1030 2672 δν
1054 2610 1227 2696 ἄνθρωπος

159 2713 284 2795 γένοιτο
309 2713 523 2802 ἀνοσιώτερος
541 2714 561 2802 ἢ
577 2717 697 2800 μᾶλλον
714 2715 877 2802 προδότης
895 2718 950 2802 τῆς
967 2715 1119 2802 πατρίδος
1143 2715 1177 2796 (i
1196 2737 1226 2800 q.

161 2869 166 2882 .
185 2820 245 2908 ..ἢ
261 2823 382 2906 μᾶλλον
406 2823 544 2910 προδοίη
562 2822 621 2908 τὴν
637 2823 804 2909 πατρίδα),·
827 2827 847 2904 ξ
866 2821 928 2886 145
945 2820 1091 2892 σύνοικος
1108 2821 1226 2907 δρώνῑ)

160 2926 328 3015 γενήσεται
352 2929 425 3015 (pro
450 2928 523 3015 ὑμῖν
547 2927 752 3016 συνοικήσει).

248 3031 350 3098 Paulo
382 3033 510 3098 tritiora
549 3043 624 3098 sunt
656 3034 675 3121 ἓ
714 3034 755 3097 10
784 3033 841 3099 δύο
876 3033 936 3120 γάρ
969 3036 1055 3098 ἐστι
1079 3036 1124 3098 τὰ
1147 3056 1227 3098 παι-

160 3137 331 3205 δεύοντα
360 3141 434 3212 τοδς
468 3140 557 3212 νέονς
588 3148 660 3224 (pro
685 3139 742 3206 δύο
767 3139 964 3218 παιδεύετον,
993 3139 1036 3204 ad
1060 3139 1227 3224 exemplar

159 3245 260 3310 Isocr.
284 3247 329 3330 11,
354 3247 396 3312 2:
422 3248 495 3318 τοὺς
511 3239 647 3335 μὲνγὰρ
665 3248 792 3318 ἰδιώτας
809 3249 876 3311 ἐστὶ
892 3250 991 3312 πολλὰ
1007 3246 1226 3334 παιδεύοντα)

159 3355 179 3432 ξ
203 3350 246 3415 36
270 3353 532 3438 ὁμολογούμενόν
565 3355 632 3417 ἐστι
656 3375 714 3436 pro
747 3355 949 3440 ὁμολογεῖται
979 3355 1035 3436 (cf.
1059 3353 1226 3418 Demosth.

159 3457 187 3543 I,
215 3459 255 3522 12
280 3460 310 3523 τέ
334 3462 370 3524 τὸ
395 3462 517 3523 κωλῦον
542 3509 548 3522 .
569 3511 575 3523 .
598 3511 604 3522 .
626 3455 725 3524 αὐτὸν
749 3463 858 3538 ἔσται,·
882 3460 940 3544 VI,
966 3460 1018 3530 29.
1042 3459 1134 3543 VIII,
1161 3461 1226 3548 75).

249 3562 502 3630 Amantissimos
526 3566 625 3629 fuisse
648 3565 761 3631 talium
791 3567 1114 3632 circumlocutionum
1138 3567 1224 3632 Thu-

161 3669 314 3758 cydidem
340 3681 372 3735 et
395 3671 642 3758 Antiphontem,
667 3673 779 3756 gravis
811 3673 898 3738 illius
931 3673 1018 3760 quod
1043 3673 1156 3738 dicunt
1180 3673 1225 3737 di-

160 3775 256 3843 cendi
279 3777 408 3862 generis
432 3785 591 3865 auctores,
617 3778 727 3844 docuit
751 3779 787 3844 P.
811 3779 939 3862 Both.2)
987 3788 1084 3866 atque
1100 3781 1224 3846 Isocra-

160 3892 235 3968 tem,
261 3907 358 3972 qucm
381 3885 434 3949 hic
459 3907 588 3973 quoque
618 3885 762 3951 imitatus
787 3908 857 3952 esse
881 3886 1056 3974 Lycurgus
1085 3886 1226 3970 videtur,

164 4067 377 4076 -ω--ι-

251 4151 270 4218 ¹)
291 4156 417 4205 ceterum
436 4153 551 4223 saepius
571 4153 671 4207 dicunt
690 4154 811 4208 σύνοικος
829 4151 904 4206 εἶναι
922 4170 944 4207 s.
962 4155 1115 4222 γίγνεσθαι
1133 4159 1197 4206 τινί.

252 4240 273 4310 ²)
289 4235 344 4295 ‘Do
363 4240 482 4312 Antiph.
510 4250 540 4296 et
558 4241 690 4314 Thucyd.
709 4260 814 4313 genere
834 4242 965 4296 dicendi'.
985 4243 1052 4296 diss.
1082 4243 1226 4314 Marburg.

166 4330 239 4384 1875.
276 4349 303 4402 p.
323 4329 359 4385 30
377 4347 418 4400 sq.
