3120 4930
607 495 829 574 ..35-

182 701 260 768 adn.
285 705 331 785 4,)
361 703 476 768 eodem
500 704 724 790 amplificandi
756 705 865 770 studio
890 705 1109 794 Lycurgus§
1138 706 1178 771 67
1214 703 1256 779 εἷς

181 813 317 897 μόνος,
341 811 399 875 ubi
417 833 516 876 uuum
534 811 714 876 alterumve
731 812 902 898 sufficeret,
920 812 1043 878 dixisse
1060 811 1200 879 videtur.
1213 854 1254 863 —

274 916 421 983 Offendit
461 916 601 982 editores
636 917 818 1001 nonnullos,
856 918 941 1004 quod
979 927 997 1003 ξ
1027 921 1069 984 29
1094 919 1254 1004 positivus

180 1025 308 1110 gradus
334 1047 407 1088 cum
424 1024 625 1110 superlativo
642 1026 869 1110 coniungitur:
894 1026 972 1090 πολὺ
998 1029 1086 1092 δοκεῖ
1108 1029 1127 1092 δ
1135 1029 1254 1092 cauni-

182 1157 307 1198 τατον
323 1134 374 1198 καὶ
391 1135 613 1220 δημοτικὸν
638 1136 736 1212 εἶοαε,·
754 1157 854 1220 quare
872 1133 969 1197 ctiam
986 1135 1255 1222 δημοτικώτατον

180 1241 282 1306 scribi
306 1240 489 1304 voluerunt.
525 1239 612 1326 quod
642 1240 776 1304 minime
800 1249 848 1303 cst
872 1241 1102 1323 necessarium,
1127 1282 1171 1290 —
1194 1265 1255 1306 nee

181 1369 262 1412 vero
280 1344 537 1431 confugiendum
555 1356 603 1408 est
619 1344 662 1410 ad
678 1345 830 1429 Pinzgeri
848 1347 1051 1429 sententiam,
1070 1348 1126 1434 qui
1143 1369 1255 1434 super·

182 1454 322 1519 lativnm
345 1453 387 1517 ab
412 1452 575 1517 adiectivo
605 1454 778 1542 δημοτεκός
812 1451 941 1516 omnino
967 1451 1145 1538 abiudicat‚
1170 1477 1255 1540 quae

181 1559 292 1645 opinio
316 1560 478 1624 refutatur
502 1559 647 1644 ipsorum
672 1568 836 1623 oratorum
866 1558 946 1622 locis
969 1559 1148 1626 nonnullis:
1174 1560 1253 1648 Lys.

180 1667 293 1751 XXV,
332 1667 385 1732 23.
419 1667 520 1732 Isoer.
544 1667 620 1751 VII,
658 1668 707 1731 lo.
740 1665 864 1730 -scd
889 1689 963 1730 curn
988 1666 1118 1730 omnino
1143 1666 1253 1731 huius-

180 1773 271 1838 modi
294 1773 559 1838 inconcinnitatis
591 1771 742 1857 exempla
772 1794 835 1836 non
869 1770 977 1837 desint
1002 1774 1058 1856 (cf.
1084 1773 1254 1838 Rehdantz

180 1881 273 1946 adh.
300 1882 320 1945 l.
347 1889 378 1945 et
401 1880 558 1946 Kuehncr
581 1880 685 1962 §349
709 1879 740 1944 b.
767 1879 842 1944 adn.
868 1879 914 1966 2),
939 1888 1007 1944 turn
1031 1904 1072 1944 ne
1091 1881 1252 1946 Isocrates

182 1987 332 2073 quidem,
381 2010 580 2073 quamquam
620 1985 762 2051 maxime
801 1986 885 2049 inter
923 2009 1033 2050 omnes
1073 1988 1253 2052 concinnae

182 2094 321 2158 orationi
345 2094 481 2179 studuit,
511 2095 552 2158 ad
584 2102 706 2158 tantam
732 2095 891 2177 processit
914 2091 1192 2180 aequabilitatem,
1219 2105 1253 2158 ut

181 2223 310 2286 semper
333 2201 570 2286 superlativum
595 2200 805 2285 superlativo,
831 2197 971 2284 positivo
996 2200 1171 2285 positivum
1196 2201 1251 2266 ad-

182 2308 275 2372 deret
299 2309 352 2391 (ef.
379 2308 480 2380 Isocr.
512 2309 573 2392 XI,
600 2309 695 2390 12).¹)
726 2315 869 2372 ceterum
902 2307 943 2371 cf.
975 2307 1090 2373 Leoer.
1116 2315 1135 2392 ξ
1158 2310 1201 2373 49
1226 2314 1254 2375 εἰ

180 2416 216 2479 δὲ
240 2417 289 2492 δεῖ
311 2416 359 2479 καὶ
384 2416 650 2502 παραδοξότατον
673 2416 731 2500 μὲν
757 2415 864 2490 εἰπεῖν,
901 2417 1022 2502 utputa
1059 2417 1104 2494 δέ,
1137 2420 1251 2482 ἐκεῖνοι

181 2528 329 2593 νικῶντες
353 2523 555 2603 δπέδανονδ)

611 2789 655 2844 De
673 2789 814 2845 adverbio

179 2929 262 2996 nibil
278 2931 347 2996 fere
364 2930 478 3014 habeo,
497 2930 584 3017 qnod
601 2930 722 2996 addam
739 2931 795 3015 eis,
821 2953 904 3016 quae
928 2930 994 2996 iam
1010 2953 1110 3016 supra
1128 2938 1163 3018 (p
1188 2933 1246 3020 33)

180 3039 253 3103 dixi
288 3037 328 3101 de
364 3037 531 3102 adverbiis
562 3037 799 3102 adiectivorum
835 3037 908 3101 vice
947 3038 1169 3122 fungentibus.
1207 3079 1247 3088 —

179 3145 270 3232 quod
293 3144 336 3210 ad
359 3143 580 3210 adverbialem
597 3144 779 3208 accusativi
802 3145 907 3232 ἀρχὴν
933 3145 965 3230 (ᾗ
986 3145 1048 3208 125
1064 3147 1170 3233 ἀρχὴν
1188 3148 1248 3233 γὰρ

178 3253 284 3324 οὕτως
300 3249 406 3339 ᾤοντο
424 3254 489 3316 δεῖν
507 3253 564 3340 ζῆν
582 3252 655 3323 τοὺς
672 3252 817 3337 πολίτας)
839 3273 934 3314 usum
951 3247 1083 3334 attinet,'
1103 3254 1144 3315 cl'.
1163 3275 1248 3338 quae

178 3357 333 3444 exposuit
349 3357 484 3423 Classen
508 3359 551 3422 ad
568 3357 717 3446 Thucyd.
737 3358 781 3440 Π,
808 3357 859 3440 ll,
887 3365 914 3420 3.
941 3357 997 3442 (cf.
1015 3357 1168 3421 Aeschin.
1186 3359 1247 3444 Ill,

181 3466 256 3534 117.
280 3463 358 3552 Lys.
385 3462 477 3548 VIII,
505 3465 548 3541 1.)

178 3665 392 3673 -----.-..

271 3821 290 3888 ¹)
310 3837 346 3874 ne
365 3818 462 3874 Latini
483 3819 598 3889 quidem
617 3819 773 3888 scriptores
801 3822 941 3888 respuunt
960 3818 1047 3872 talia:
1068 3816 1184 3873 Sallust.
1205 3836 1246 3872 or.

177 3913 209 3966 in
228 3909 329 3980 Lepid.
349 3909 372 3977 I,
390 3908 434 3977 45,
455 3910 469 3962 l
490 3909 545 3976 (ed.
565 3908 660 3977 Kritz)
677 3906 792 3979 ‘quibus
812 3925 863 3980 per
883 3913 996 3964 ceteras
1011 3914 1112 3980 gentos
1132 3909 1246 3964 maximi

177 3999 289 4054 etclari
300 3997 386 4053 estis’.
406 3997 509 4054 Vellei.
528 3999 642 4054 Patere.
657 3998 694 4065 ΙΙ,
708 3995 825 4052 (39‘aeri
840 4003 928 4068 atque
942 3999 1135 4069 prosperrimo
1150 3997 1247 4054 bello'.

272 4088 293 4154 ²)
312 4088 486 4157 persuadere
512 4088 581 4140 mibi
605 4105 661 4141 non
693 4089 789 4158 potuit
815 4088 946 4141 Hertlein
971 4087 1002 4155 (l.
1021 4105 1044 4142 e.
1069 4107 1097 4158 p.
1117 4088 1172 4155 25),
1199 4091 1247 4159 qui

177 4177 399 4250 παραδοξότερον
417 4177 504 4232 scribi
524 4178 595 4230 vult.
632 4195 697 4230 nam
714 4177 789 4247 quod
804 4175 900 4229 adfert
919 4176 1088 4247 exemplum,
1110 4194 1149 4230 se.
1169 4179 1183 4245 ᾖ
1203 4178 1246 4243 62,

176 4264 216 4320 ob
236 4265 265 4317 id
284 4265 376 4334 ipsum
396 4267 468 4319 nibil
488 4266 604 4320 efficere
624 4273 730 4336 potest,
750 4266 817 4336 quia
836 4269 933 4318 nostro
954 4266 1017 4319 loeo
1031 4266 1163 4336 sequitur
1183 4263 1246 4336 ἀλη-

177 4353 231 4406 θές
251 4353 290 4418 δέ,
308 4355 368 4408 illic
395 4360 425 4409 et
450 4356 479 4408 in
500 4355 629 4408 omnibus
656 4355 812 4408 illiusmodi
841 4353 970 4406 formulis
990 4354 1062 4406 nibil
1082 4356 1246 4425 opponitur.

1051 4444 1083 4493 3u
