3120 4930
597 491 820 570 287...

546 699 583 754 tle
602 698 863 756 eentunettenttus

169 806 277 872 pauca
302 783 470 852 disseram.

261 892 358 974 Quod
381 893 496 959 attinet
532 894 575 958 ad
611 895 698 978 §82
735 896 809 967 τοὺς
843 897 902 982 μὲν
936 898 1115 984 προγόνους
1148 897 1237 983 ὑμῶν

170 1001 388 1089 ἀποθνήσκειν
413 1003 544 1088 τολμᾶν,
579 1001 684 1068 ὥστε
706 1004 751 1090 μὴ
789 1003 848 1090 τὴν
882 1004 973 1068 πόλιν
1007 1005 1145 1083 ἀδοξεῖν,
1180 1003 1237 1067 ubi

170 1129 213 1170 ex
236 1118 366 1172 nostrae
389 1109 522 1194 linguae
545 1109 671 1174 ratione
696 1117 924 1195 exspectamus
948 1110 994 1198 ἐφ’
1019 1107 1084 1197 ᾧτε
1108 1109 1160 1173 vel
1176 1112 1250 1189 ἵνα.

169 1213 280 1299 relego
313 1215 356 1280 ad
389 1215 583 1282 Rehdantaii
615 1217 780 1286 Demosth.
814 1217 886 1282 Ind.
922 1217 966 1286 ΙΙ.
991 1239 1016 1284 s.
1040 1241 1071 1289 v.
1097 1218 1182 1284 ὥστε
1206 1229 1238 1281 et

169 1321 347 1388 Maetzneri
372 1322 481 1390 adnot.
507 1324 660 1390 adhunc
684 1323 801 1392 locum.

258 1429 311 1494 De
334 1430 497 1516 particula
521 1434 550 1496 εἰ
570 1431 618 1496 ibi
641 1432 758 1518 posita,
782 1431 839 1496 ubi
855 1453 914 1496 nos
930 1432 981 1496 ὅτι
998 1441 1236 1517 exspectamus,

170 1534 259 1602 velut
293 1538 401 1621 §138
437 1539 741 1630 ἐκπέπληγμαε....,
777 1541 810 1604 εἰ
831 1539 1004 1629 λελήθασιν
1027 1540 1105 1628 ὑμᾶς
1129 1545 1185 1628 τῆς
1210 1543 1237 1604 ἐ-

170 1644 293 1733 σχάτης
309 1646 406 1734 ὀργῆς
431 1647 557 1720 &excites
580 1649 619 1712 ἂν
643 1647 866 1735 τυγχάνοντες,
888 1648 1004 1730 fragm.
1021 1648 1059 1710 61
1080 1647 1236 1734 θαυμάζω

170 1752 281 1834 &eruis
304 1755 340 1816 εἰ
363 1753 437 1825 τοὺς
467 1753 916 1843 ἀνδραποδιοτᾶς...θαυάτῳ
941 1755 1115 1843 ζημιοῦμεν
1139 1759 1236 1835 (corr.

170 1858 292 1924 Baiter.
328 1859 424 1924 codd.
462 1862 621 1951 ζημιοῦν),
655 1883 687 1926 v.
723 1861 876 1946 Krueger
910 1863 997 1944 §65
1031 1860 1107 1926 adn.
1135 1862 1152 1926 7
1177 1883 1236 1948 sq„

170 1963 326 2030 Kuehner
349 1973 369 2050 ξ
392 1967 469 2046 551,
504 1968 534 2033 8.
558 1990 665 2055 neque
701 1977 776 2054 apte
813 1990 878 2033 non
904 1967 1112 2032 conferentur
1135 1968 1236 2033 Isocr.

169 2071 228 2158 IV,
255 2072 328 2138 170.
361 2073 403 2159 V,
426 2075 480 2142 42.
515 2074 682 2141 Demosth.
707 2075 750 2159 II,
776 2075 828 2140 24.
853 2073 913 2154 IV,
937 2074 991 2138 43.

259 2184 278 2262 ξ
305 2179 366 2244 128
391 2190 430 2247 οὐ
453 2182 613 2270 πρότερον
637 2185 786 2270 capreoe
809 2182 900 2270 apin
936 2181 955 2269 ἦ
987 2185 1036 2268 τῷ
1059 2185 1141 2268 λιμῷ
1165 2181 1235 2246 ἀπέ-

170 2309 295 2351 κτειναν
319 2291 378 2372 (sc.
409 2289 606 2373 Παυσανίαν)
619 2293 638 2373 ¹)
675 2309 891 2354 commemoro
922 2297 1113 2375 propterea,
1149 2288 1237 2375 quod

170 2393 243 2479 πρὶν
267 2393 286 2482 ἢ
311 2394 353 2459 ab
377 2393 496 2459 Atticis
519 2396 590 2460 fere
614 2394 756 2460 alienum
782 2401 830 2459 est
853 2393 908 2481 (cf.
925 2392 1091 2460 Kuehner.
1116 2400 1136 2479 5
1160 2395 1235 2479 556,

171 2500 188 2561 1
215 2504 256 2583 ο.)
282 2509 314 2564 et
337 2499 552 2567 Schoemann.
583 2502 626 2567 ad
662 2503 746 2570 Isae.
769 2502 813 2586 Π,
848 2502 912 2589 19).
938 2500 1034 2588 quale
1057 2501 1100 2565 ait
1124 2500 1237 2566 discri-

169 2627 244 2670 men
267 2605 352 2672 inter
375 2610 449 2697 πρίν
466 2618 497 2672 et
512 2611 586 2698 πρὶν
611 2613 641 2698 ἤ,
665 2607 833 2696 explicare
849 2617 986 2673 conatur
1010 2607 1050 2674 G.
1067 2608 1237 2673 Hermann

169 2712 204 2798 in
227 2712 302 2778 adn.
328 2714 370 2780 ad
394 2716 506 2802 Eurip.
531 2714 618 2782 Med.
644 2739 674 2782 v.
702 2716 797 2782 1034.
835 2715 882 2806 (in
906 2715 1018 2801 Eurip.
1045 2715 1132 2780 Med.
1157 2715 1235 2780 edit.

169 2817 303 2885 Elmslei
326 2843 358 2906 p.
383 2821 473 2909 385).
499 2822 540 2894 G.
566 2823 697 2890 Curtius
723 2823 860 2909 (griech.
886 2822 1031 2894 Gramm.
1058 2823 1237 2910 §635,11)

170 2936 263 3013 putat
298 2931 371 3017 πρὶν
405 2930 551 2996 breviter
587 2931 653 2996 diei
686 2952 746 3017 pro
776 2929 952 2996 vetustiore
986 2928 1127 2994 formula
1162 2931 1236 3018 πρίν

170 3035 275 3124 (adv.)
300 3040 317 3125 ἤ
342 3038 363 3102 i.
389 3061 417 3104 e.
439 3035 551 3125 ‘priua
576 3041 684 3126 quam'
708 3037 763 3128 (ef.
780 3037 984 3122 Brugmam,
1000 3036 1124 3122 grieeh.
1141 3037 1236 3131 Synt.

169 3141 259 3208 Hdb.
284 3143 316 3208 d.
341 3142 434 3209 class.
459 3144 557 3210 Altw.
580 3145 638 3212 Iw.
663 3143 811 3214 Mueller.
834 3144 879 3208 Π.
904 3166 935 3229 p.
963 3143 1049 3228 124).
1083 3179 1123 3192 -—
1154 3151 1235 3208 cete·

169 3270 242 3312 rum
265 3249 297 3313 in
314 3247 490 3338 plerisque,
515 3274 599 3339 quae
614 3250 695 3316 mihi
710 3259 840 3338 praesto
857 3259 941 3335 sunt,
966 3249 1122 3338 exemplis
1138 3248 1236 3314 valde
1362 3331 1365 3338 .

169 3355 255 3421 inter
277 3379 312 3422 se
337 3357 492 3424 differunt
514 3359 673 3424 librorum
696 3358 871 3425 lectiones:
895 3357 995 3424 Isocr'.
1012 3357 1071 3444 IV,
1099 3357 1138 3422 19
1162 3358 1236 3446 apin

169 3465 241 3548 ΓΕ,
272 3465 347 3553 πρὶν
379 3463 503 3553 tirell„
536 3466 705 3532 Demosth.
735 3463 855 3549 XXII,
892 3465 933 3532 15
956 3465 1030 3553 πρὶν
1054 3464 1073 3553 ἢ
1097 3463 1125 3528 F
1134 3463 1236 3528 krtv

169 3569 321 3659 (Baka),
345 3571 497 3638 Aeschin.
523 3573 586 3657 III,
611 3575 654 3638 25
680 3573 755 3662 πρίν
778 3595 810 3656 n,
834 3572 908 3660 πρὶν
933 3574 951 3660 ἥ
975 3569 1168 3655 rell.‚·ibid.
1194 3569 1234 3635 77

170 3676 243 3764 πρίν
267 3698 385 3761 agmn
409 3679 503 3768 (=B
529 3679 689 3769 Weidn.),
719 3681 793 3769 πρὶν
819 3682 836 3768 ἢ
862 3677 934 3742 ekl
965 3677 1065 3766 (=A
1088 3677 1235 3766 Weidn.)

259 3784 356 3866 Quod
381 3785 524 3874 denique
547 3788 662 3853 attinet
686 3788 728 3853 ad
759 3785 952 3874 particulam
984 3790 1029 3850 ἄν
1035 3837 1044 3870 ,
1068 3807 1166 3871 saepe
1188 3784 1235 3848 in·

172 3899 295 3956 certum
320 3901 377 3978 est,
402 3892 543 3978 legenda
566 3895 733 3962 sitneene.
757 3903 884 3960 utrem
907 3915 971 3958 uno
989 3890 1140 3978 exemplo
1165 3889 1234 3955 illu-

170 4005 279 4084 strem,
302 3998 336 4063 in
360 3999 504 4088 quinque
529 4001 686 4087 deinceps
709 3999 911 4088 paragraphi
936 3999 977 4065 78
1006 3997 1234 4083 interrogatio·

260 4178 278 4248 ¹)
299 4180 375 4250 quod
394 4180 554 4252 exemplum
579 4180 666 4236 miror
689 4199 748 4236 non
767 4179 896 4235 adlatum
915 4175 982 4234 esse
997 4196 1015 4233 a
1033 4177 1159 4232 Luethio
1177 4173 1234 4231 ‘De

170 4284 222 4320 usu
247 4269 409 4339 particulae
433 4273 510 4346 πρίν,
535 4270 628 4342 qualia
647 4271 724 4341 apud
743 4274 872 4325 oratores
891 4267 1006 4323 Atticos
1035 4265 1140 4322 fuerit'.
1167 4267 1235 4322 diss.

169 4354 266 4428 inaug.
285 4357 413 4414 Rostock
434 4359 512 4414 1877.
