3120 4930
726 481 856 556 „84
906 531 945 542 ..

298 691 408 778 δὲμὴ
439 689 659 780 ιληρονομεῖν.
694 689 736 755 of.
768 688 869 753 Isoor.
901 685 959 773 IV,
984 687 1036 755 98.
1064 685 1289 786 176.le1-1,
1314 687 1368 752 58,

299 797 426 864 Antioc.
449 797 511 881 III,
539 799 567 862 1.
598 795 765 863 Demosth.
790 795 922 881 XXIII,
949 795 1021 860 126.
1046 815 1090 844 —-‘
1113 817 1144 858 v.
1169 793 1327 878 Hartmg‘
1346 793 1366 858 l.

299 927 327 971 c.
351 926 382 990 p.
409 904 593 968 rra-178.
618 903 712 988 plura
737 903 888 988 exempla
912 901 1020 967 attulit
1042 901 1219 966 Buttmann
1244 899 1278 964 in
1295 922 1367 965 cxc.

297 1010 377 1076 XII.
401 1009 444 1075 ad
466 1010 636 1076 Demosth.
659 1009 739 1075 Mid.
764 1033 796 1095 p.
823 1010 896 1074 147.

388 1116 472 1183 Sunt
495 1116 636 1204 denique
659 1116 742 1200 loci,
778 1117 813 1181 in
847 1115 967 1202 quibus
1001 1116 1037 1180 δέ
1071 1115 1213 1200 positum
1236 1123 1286 1179 est
1308 1132 1368 1200 pro

299 1223 453 1308 graviore
476 1223 639 1309 particula
662 1224 779 1312 rdp1),
811 1221 904 1287 velut
924 1227 944 1305 ξ
967 1223 1009 1288 al
1035 1223 1244 1288 ἐπίστασθε..
1259 1223 1369 1309 ,μόνοι

299 1337 364 1396 τῶν
398 1329 551 1421 Ἑλλήνων
587 1332 660 1403 τοὺς
703 1331 845 1414 ἀγαθοὺς
881 1331 997 1418 ἄνδρας
1034 1335 1135 1417 τιμᾶν·
1162 1331 1314 1418 εὑρήσετε
1330 1329 1371 1394 δὲ

300 1441 385 1527 παρὰ
415 1441 474 1526 μὲν
505 1445 570 1512 τοῖς
603 1442 707 1510 ἄλλοις
731 1442 796 1502 κτλ.
821 1477 865 1486 -
889 1437 1002 1502 codem
1026 1436 1190 1522 pertinent
1213 1435 1371 1502 formulae

300 1545 376 1610 illac
412 1567 472 1632 per
508 1546 544 1612 δέ
578 1545 625 1610 sic
661 1545 901 1628 conformatae,
936 1551 987 1626 ut,
1024 1551 1199 1630 antequam
1222 1543 1296 1628 ipsa
1317 1565 1372 1607 res

302 1661 497 1739 exponatur,
522 1662 631 1718 orator
655 1651 895 1739 quodammodo
918 1649 1064 1734 iudicet,
1078 1650 1174 1738 quale
1197 1660 1371 1738 quantum-

302 1783 366 1847 que
389 1760 431 1824 sit
454 1759 501 1845 id,
525 1783 589 1847 quo
613 1767 815 1824 transeatur:
849 1765 868 1842 ξ
892 1760 935 1825 49
969 1761 997 1822 εἰ
1019 1760 1061 1823 δὲ
1084 1759 1134 1823 ria?
1157 1759 1206 1823 καὶ
1231 1759 1371 1846 παραδο-

303 1869 439 1943 ξότατον
463 1869 571 1948 εἰπεῖν,
595 1869 719 1956 ἀληθὲς,
739 1869 784 1950 δέ,
809 1869 922 1930 ἐκεῖνοι
946 1871 1093 1936 νικῶντες
1110 1867 1285 1931 ἀπέθανον.
1310 1865 1370 1928 sed

302 1979 322 2058 ξ
339 1974 379 2038 61
407 1977 435 2038 εἰ
458 1976 530 2062 γὰρ
554 1975 603 2038 δεῖ
625 1976 684 2061 την
701 1975 856 2063 ἀλήθειαν
873 1975 979 2056 εἰπεῖν,
1005 1973 1126 2043 πόλεώς
1143 1974 1211 2037 ἔστι
1230 1973 1371 2044 θάνατος

302 2080 483 2146 ἀνάστατον
509 2081 660 2164 γενέσθαι
682 2078 891 2168 (Ljungdahl
914 2079 934 2146 l.
960 2101 987 2144 o.
1012 2101 1041 2164 p.
1067 2078 1136 2166 34).

392 2189 498 2252 ἀλλά.

391 2293 495 2380 Nemo
520 2301 568 2358 est
600 2293 656 2380 qui
685 2303 784 2378 neget
814 2293 970 2358 incitatae
1000 2293 1156 2358 orationis
1180 2315 1251 2358 esse
1274 2293 1373 2358 intor-

303 2400 490 2484 rogationes
514 2399 587 2464 illas
611 2423 685 2466 cum
709 2400 766 2486 eis,
791 2423 874 2487 quae
898 2401 969 2465 sive
993 2423 1035 2466 ex
1058 2411 1166 2466 mente
1190 2401 1374 2466 adversarii

303 2507 373 2572 sive
397 2507 438 2572 ab
470 2507 540 2594 ipso
569 2516 697 2573 oratore
726 2507 984 2593 respondentur:
1010 2507 1071 2594 ‘at',
1095 2507 1228 2572 ‘dixerit
1252 2507 1372 2596 quispi-

304 2618 368 2678 am'
401 2613 510 2698 §135
534 2617 680 2701 Πότερον
704 2617 755 2680 διὰ
780 2617 838 2702 την
871 2619 950 2704 πρὸς
985 2617 1101 2688 αὑτοὺς
1136 2617 1260 2704 φιλίους
1296 2619 1375 2681 ἀλλ’

305 2725 413 2810 ἔμοιγε
436 2723 586 2787 δοκοῦσιν
615 2723 742 2793 δικαίως
767 2731 832 2788 οὐχ’
846 2725 885 2786 ἂν
911 2725 1043 2812 χάριτος
1066 2729 1185 2811 τυχεῖν,
1210 2725 1275 2788 ἀλλ’
1299 2727 1373 2788 ἀπο-

306 2832 438 2908 caussa·
462 2835 481 2910 ξ
509 2829 571 2892 144
595 2829 679 2894 Ποία
702 2830 737 2893 δὲ
757 2828 857 2918 ἡλικία
881 2831 1007 2902 δικαίως
1030 2832 1069 2894 ιλν
1093 2833 1192 2896 αὐτὸν
1217 2831 1394 2919 ἐλεησειε,·“

305 2937 445 3024 πότερον
471 2935 488 3024 ἡ
514 2942 579 2999 τῶν
604 2937 854 3024 πρεσβυτέροιν;
885 2938 959 3002 ἀλλ’
984 2939 1060 3002 οὐδὲ
1083 2940 1377 3027 γηροτροφηθῆναι

307 3043 538 3130 ...aaaron
571 3043 629 3130 (cf.
664 3043 819 3110 Aeschin.
852 3044 916 3128 III,
950 3045 1026 3110 230.
1051 3045 1210 3109 Demosth
1245 3043 1375 3128 XVIII,

306 3150 359 3218 24.
384 3149 479 3235 plura
510 3151 662 3236 exempla
685 3151 850 3235 congessit
873 3151 1084 3237 Frohbarger
1107 3151 1151 3218 ad
1175 3152 1254 3240 Lys.
1279 3150 1375 3236 XIV,

305 3259 360 3324 41.
384 3257 425 3322 cf.
450 3256 547 3320 etiam
572 3256 764 3323 Baeumleiu
787 3258 807 3324 l.
833 3282 861 3329 c.
885 3282 917 3345 p.
946 3259 1010 3348 14).

396 3363 513 3429 Liceat
535 3364 589 3429 hio
612 3365 646 3429 in
669 3388 735 3430 uno
760 3376 936 3452 conspectu
965 3380 1086 3453 ponere
1118 3365 1377 3453 particulas

307 3471 674 3556 praesumptionis
704 3495 729 3538 s.
755 3475 1199 3560 anteoccupationis,
1224 3497 1308 3562 quae
1331 3473 1379 3538 ibi

306 3586 517 3664 usurpantur,
550 3578 608 3643 ubi
640 3601 717 3664 non,
751 3581 834 3648 sicut
858 3605 896 3647 eo
921 3573 1016 3669 quem
1040 3583 1136 3647 modo
1162 3581 1376 3649 tractauirnus

307 3686 396 3772 loco,
430 3686 503 3772 ipsa
535 3685 719 3752 adversarii
754 3681 857 3754 verba
879 3689 1085 3770 inferuntur,
1118 3689 1176 3753 sed
1200 3699 1310 3755 orator
1333 3687 1379 3772 id,

309 3795 397 3882 quod
430 3793 615 3879 suspicatur
645 3795 871 3862 adversarium
905 3797 975 3862 sive
1004 3796 1146 3884 aliquem
1177 3818 1298 3882 eorum,
1323 3795 1380 3882 qui

309 3901 466 3987 audiunt,
502 3904 730 3988 oppositurum
766 3925 853 3988 esse,
889 3906 960 3990 ipse
995 3905 1130 3991 profert.
1170 3904 1224 3990 (cf.
1251 3903 1379 3968 dehac

309 4005 426 4090 figura,
452 4005 541 4092 quae
560 4031 678 4094 graece
702 4012 861 4099 πρόληψις
885 4035 909 4077 s.
928 4013 1166 4101 προκατάληψις
1182 4011 1379 4094 nominatur,

310 4112 959 4204 mammmmffl.
1327 4103 1330 4110 ’

401 4258 422 4325 ¹)
443 4264 543 4312 contra
562 4260 616 4332 γάρ
635 4259 767 4334 inlibris
786 4261 892 4332 legitur
918 4261 933 4331 ξ
952 4261 991 4314 49
1008 4265 1090 4316 ταῦτα
1109 4261 1164 4335 γὰρ
1184 4261 1380 4338 ἀμφότερα...

308 4344 436 4435 -ξνιάηχει,
462 4348 512 4416 obi
526 4351 557 4403 δέ
575 4354 783 4436 exspectamus.
804 4369 829 4406 v.
839 4350 1027 4432 Frohberger,
1047 4352 1151 4408 Philol.
1164 4352 1220 4416 sol,
1234 4352 1306 4430 sap.
1319 4351 1380 4412 688,
