3120 4930
744 484 964 549 ..78-

224 735 226 742 A
316 680 381 762 αἱ),
412 678 502 764 apud
525 677 697 744 nonnullos
722 687 868 744 oratores
892 679 988 744 etiam
1019 682 1091 768 περί
1121 703 1148 745 c.
1180 703 1246 746 aco.
1276 702 1390 746 secum

316 785 416 852 habet
448 785 509 849 hoc
541 785 690 869 verbum,
724 785 814 850 velut
847 787 935 872 apud
960 787 1062 852 Isocr.
1086 787 1112 871 Ι,
1140 788 1190 852 10.
1215 787 1388 853 Demosth.

317 894 375 978 VI,
391 893 422 956 4.
438 893 549 977 XVII,
569 895 597 958 1.
615 892 770 958 Aeschin.
787 893 814 978 I,
832 895 947 959 41..-
970 896 1239 982 χρηματίζειν
1263 894 1389 980 primus

316 1001 491 1090 Lycurgus
524 1023 598 1065 cum
631 1000 704 1088 περί
727 999 859 1085 copulat
882 1007 901 1084 ξ
927 1001 966 1066 31
993 1003 1052 1088 τὴν
1074 1004 1390 1091 βουληυ....χρηρα

317 1110 448 1174 τιοθσαν
471 1110 563 1196 περὶ
596 1111 910 1196 φυλακῆς...,ἔδυξε,
943 1109 1184 1193 significatione
1206 1107 1389 1174 ‘consilium

316 1217 415 1300 inire,
451 1225 593 1281 statuere
625 1214 665 1278 de
690 1215 858 1300 custodiat,
885 1216 972 1302 quod
995 1216 1233 1282 Demosthenes
1257 1226 1289 1282 et
1312 1227 1388 1302 post

317 1347 390 1388 eum
415 1323 470 1388 alii
494 1323 658 1388 interdum
682 1321 801 1388 imitati
825 1332 909 1388 sunt.

692 1469 737 1548 2.)
762 1487 846 1532 oum
870 1464 1012 1530 dativo

316 1591 389 1679 περί
411 1590 587 1680 Lycurgus
611 1613 778 1678 nunquam
803 1589 983 1674 coniungit,
1008 1598 1164 1677 quantum
1189 1589 1320 1676 quidem
1345 1613 1388 1656 ex

316 1697 379 1761 illis
404 1721 488 1783 quae
512 1705 643 1762 exstant
666 1697 814 1784 reliquiis
837 1696 1048 1782 intellegitur.

745 1824 790 1907 3.)
822 1846 849 1888 c.
875 1845 955 1888 ace.
1023 1898 1028 1912 Ι

405 1950 443 2014 Ιυ
469 1947 811 2014 circumlocutionibus
836 1947 998 2032 legitur§
1028 1949 1071 2014 94
1102 1951 1161 2037 τὴν
1191 1953 1282 2039 περὶ
1315 1952 1386 2024 τοὺς

317 2057 426 2140 γονέας
452 2060 505 2138 (sc.
531 2056 669 2144 πρᾶξιν),
687 2061 706 2138 ξ
726 2055 788 2120 106
811 2055 870 2142 τὴν
892 2057 980 2141 περὶ
1005 2058 1078 2128 τοὺς
1095 2057 1183 2128 νέους
1200 2059 1385 2145 ἐπιμέλειαν.

406 2161 537 2228 Localis
562 2164 612 2226 vis
636 2161 749 2226 subest
771 2167 791 2242 ξ
817 2163 856 2226 17
883 2165 938 2248 τῆς
963 2163 1040 2233 νεὼς
1059 2164 1120 2252 ἤδη
1137 2166 1226 2252 περὶ
1251 2167 1310 2252 τὴν
1332 2171 1385 2230 ἀκ-

318 2272 376 2358 τὴν
393 2269 602 2360 ἐξορμούσης,
627 2269 816 2356 temporalis
839 2267 920 2336 ibid.
945 2271 1033 2356 περὶ
1057 2271 1165 2360 δείλην
1189 2273 1295 2353 ὀψίαν.

406 2375 510 2441 Tertii
534 2377 603 2440 fere
627 2397 721 2440 casus
745 2375 852 2440 vicem
875 2382 963 2439 tenet
987 2377 1060 2464 περί
1083 2398 1110 2441 c.
1136 2399 1204 2441 acc.
1230 2383 1249 2460 ξ
1274 2379 1385 2443 21οὐ-

317 2485 370 2548 δὲν
395 2485 501 2547 δεινὸν
525 2484 664 2566 ἐγεγόνει
688 2484 778 2570 περὶ
803 2483 862 2570 τὴν
886 2482 977 2546 πόλιν
1006 2484 1053 2568 (v.
1079 2481 1235 2547 Kuehner
1265 2489 1284 2567 ξ
1308 2484 1385 2569 437,

316 2589 378 2672 111,
404 2590 424 2653 3
448 2589 489 2654 of.
515 2588 678 2677 Hyperid.
704 2611 749 2654 or.
774 2589 835 2652 III.
867 2586 926 2652 col.
951 2587 1114 2668 XXXVI,
1147 2591 1189 2654 25
1214 2589 1264 2654 ed.
1289 2589 1385 2654 Blass

317 2699 355 2760 τὰ
379 2696 449 2783 περὶ
474 2697 533 2783 την
557 2695 672 2785 φιάλην
697 2696 879 2782 γεγονότα),
904 2695 1039 2760 secundi
1056 2717 1151 2760 casus
1168 2702 1187 2779 ξ
1207 2697 1268 2762 101
1293 2697 1384 2786 περὶ

317 2803 390 2874 τοὺς
414 2805 547 2891 ποιητὰς
572 2802 687 2866 οὐδένα
711 2803 807 2884 λόγον
832 2805 969 2891 ἔχοντες.

801 2929 897 3015 πρός

663 3035 705 3116 l.)
739 3056 824 3098 curn
848 3034 1042 3120 genetivo

317 3163 337 3204 a
360 3140 516 3227 Lycurgo
540 3162 703 3226 nusquam
727 3140 908 3226 copulatur,
933 3163 972 3206 ac
995 3164 1035 3206 ne

690 3249 735 3331 2.)
760 3269 846 3313 cum
870 3247 1010 3313 dativo

317 3351 448 3441 quidem
465 3353 528 3418 nisi
545 3353 673 3418 duobus
696 3353 792 3420 locis:
817 3355 896 3440 §56
912 3357 1008 3444 πρὸς
1031 3357 1066 3420 δὲ
1083 3355 1208 3427 τούτοις
1232 3357 1263 3420 τί
1287 3381 1385 3444 προσ-

297 3466 392 3550 ’ῆκεν
416 3466 470 3527 κτλ
481 3485 493 3540 ,·
530 3470 562 3526 et
593 3461 711 3544 fragm.
740 3463 777 3526 17
809 3465 905 3550 πρὸς
930 3470 995 3534 τοῖς
1020 3463 1239 3550 θεσμοθέταις
1263 3467 1386 3552 γραφὰς

317 3569 525 3656 γραφόμενος,
550 3571 648 3657 ττρδς
673 3574 738 3640 τοῖς
768 3571 925 3640 συνδίκοις
954 3571 1145 3658 ἀπογραφὰς
1176 3569 1384 3657 ἀπογράφων,

317 3696 376 3760 pro
413 3697 476 3761 quo
512 3674 611 3738 etiam
647 3674 802 3739 dicebant
833 3679 865 3738 ἐν
890 3682 966 3753 (τοῖς
991 3677 1221 3763 θεσμοθέταις)
1256 3683 1317 3744 eto.
1342 3676 1384 3743 cf.

316 3805 348 3866 p.
373 3781 425 3846 63.
451 3780 507 3867 (ef.
532 3788 642 3846 tamen
666 3781 834 3846 Demosth.
867 3781 1013 3866 XXVII,
1037 3783 1080 3848 49
1111 3785 1210 3871 πρὸς
1235 3787 1283 3869 τῷ
1308 3784 1384 3848 διαιυ

318 3892 401 3976 τητῇ
439 3891 550 3971 λέγειν,
592 3889 685 3960 ὡς...
735 3888 931 3973 XXXXIV,
968 3889 1011 3954 58
1046 3893 1121 3954 ἄνευ
1156 3891 1385 3978 διαμαρτυρίας

317 3994 413 4082 πρὸς
436 3995 534 4060 ἅπασι
559 4001 624 4066 τοῖς
648 3997 850 4084 συνεδρίοις),
875 4004 929 4061 aut
953 3996 1032 4084 πρὸς

638 4102 683 4190 3.)
708 4124 796 4166 cum
819 4102 1060 4168 accusativo

316 4207 530 4293 usurpabant,
555 4208 646 4272 velut
669 4209 739 4294 ipse
763 4209 938 4296 Lycurgus
963 4215 982 4294 ξ
1007 4210 1050 4274 63
1079 4211 1253 4293 ἀπολογίαν
1277 4208 1383 4275 ποιού-

316 4340 406 4401 μενοι
435 4318 532 4404 πρὸς
563 4317 649 4403 ὑμᾶς,
674 4321 702 4400 ξ
737 4317 798 4380 146
826 4316 938 4405 μηνύω
970 4319 1027 4381 τὸν
1056 4318 1252 4406 ἀφανίζοντα
1283 4319 1383 4384 ταῦτα
