3120 4930
780 485 1002 549 ..12-

439 681 625 745 Dictionem
660 681 778 767 τέμας
818 683 927 769 ἔχειν
962 682 981 768 ξ
1017 682 1061 746 60
1100 685 1184 770 (περὶ
1223 685 1277 755 τὰς
1316 686 1420 754 πόλεις

351 791 517 877 συμβαίνει
534 789 629 877 αέμας
646 791 730 876 ἔχειν
747 789 806 876 τὴν
821 790 957 878 ἀτυχίαν
970 789 1048 853 ὅταν
1060 790 1236 855 ἀνάστατοι
1253 792 1420 874 γένωνται)

351 896 589 981 significatione
611 893 664 960 ‘ad
687 917 848 960 summum
871 895 1037 981 fastigium
1070 895 1261 982 pervenisse
1284 920 1310 963 s.
1335 921 1421 963 sum-

350 1026 438 1068 mum
467 1001 634 1086 fastigium
664 1001 821 1086 attigisse'
846 1001 1036 1090 Lycurgus.
1053 1003 1184 1068 videtur
1209 1004 1250 1069 ab
1275 1005 1421 1070 Isocrate

351 1118 514 1174 mutuatus
526 1129 606 1191 esso,
621 1107 676 1193 qui
689 1105 820 1192 scripsit
838 1107 931 1191 1V‚5
948 1109 1026 1174 ὅταν
1041 1161 1046 1174 .
1064 1161 1069 1173 .
1088 1161 1093 1174 .
1115 1114 1172 1175 τὸν
1199 1111 1294 1194 λόγον
1310 1111 1362 1198 ίάῃ
1376 1135 1422 1183 τις

351 1219 468 1304 ἔχοντα
478 1215 585 1302 πέμας,
599 1215 684 1279 ὥστε
694 1215 852 1303 μηδεμίαν
862 1219 1025 1304 λελεῖφθαι
1039 1224 1104 1288 τοῖς
1113 1220 1217 1289 ἀλλοις
1229 1218 1421 1306 ὑπερβολήν.

350 1322 391 1407 V,
418 1321 477 1384 141
507 1320 643 1410 ἡγοῦμαι
662 1323 762 1385 ταῦτα
777 1321 873 1408 πέρας
898 1320 988 1395 ἕξειν·
1014 1323 1130 1387 οὐδένα
1146 1325 1207 1410 γὰρ
1230 1327 1325 1388 ἀλλον
1342 1326 1423 1388 ποτὲ

351 1431 549 1518 ἀονήσεσιλαι
575 1429 673 1514 μείζιυ
698 1430 813 1516 τιμάξαι
832 1429 965 1493 τούτων·
1014 1428 1093 1492 alibi
1117 1428 1191 1493 voci
1215 1430 1311 1518 πέμας
1327 1429 1417 1495 notio

352 1535 445 1600 ‘finis'
480 1533 607 1616 subest3
646 1557 711 1620 qna
745 1557 781 1598 re
816 1535 980 1600 adductus
1015 1546 1064 1600 est
1098 1536 1232 1626 Taylor,
1264 1549 1300 1605 ut
1332 1537 1363 1605 h.
1397 1538 1420 1607 l.

350 1644 498 1730 εὐτυχίαν
529 1663 587 1727 pro
612 1643 747 1730 ἀτυχίαν
771 1641 981 1708 scribendum
1006 1664 1077 1707 esse
1101 1653 1258 1708 censeret.

438 1750 489 1813 De
515 1771 575 1813 usu
598 1747 653 1813 illo
678 1747 829 1813 adverbii
854 1751 1018 1822 εἰκότως
1051 1750 1085 1814 in
1110 1750 1175 1814 fine
1198 1751 1297 1815 totius
1322 1773 1422 1818 enun-

350 1855 493 1921 tiationis
508 1855 655 1922 absolute
668 1855 765 1940 positi
777 1855 911 1920 uberius
925 1878 1025 1940 agere
1038 1857 1248 1943 supersede0,
1265 1859 1420 1945 quoniam

351 1963 440 2028 Elias
458 1963 492 2051 (l.
508 1985 536 2028 o.
549 1985 581 2048 p.
599 1963 652 2044 15)
667 1961 708 2026 de
725 1963 787 2026 hac
799 1985 834 2026 re
846 1961 1026 2048 disputavit
1040 1965 1096 2048 (cf.
1112 1964 1210 2029 etiam
1223 1963 1420 2029 Rehdantzii

350 2069 402 2138 cd.
427 2061 458 2155 p.
486 2070 582 2152 138.).
630 2069 692 2132 hoc
715 2077 842 2133 tantum
865 2069 997 2154 adfero,
1032 2071 1168 2136 noviens
1204 2073 1336 2156 (5541,
1366 2073 1421 2158 19,

352 2177 404 2261 88,
428 2176 482 2260 94,
510 2175 767 2261 102,108,126,
793 2177 962 2260 128133)
988 2177 1021 2241 in
1046 2201 1112 2243 una
1136 2178 1317 2244 Leocratoa
1334 2179 1422 2243 hunc

348 2310 442 2352 usum
475 2287 616 2351 inveniri
640 2287 660 2352 i.
686 2309 712 2351 c.
747 2276 847 2351 multo
881 2287 1010 2372 saepius
1045 2310 1142 2373 quam
1175 2286 1263 2372 apud
1297 2297 1421 2351 ceteros

350 2406 505 2458 oratores.
530 2434 573 2442 -
597 2393 695 2479 plane
719 2392 859 2458 eundem
879 2393 913 2457 in
938 2393 1070 2458 modum
1094 2393 1268 2458 adhibetur
1285 2393 1326 2457 ab
1351 2416 1422 2458 ora-

348 2511 418 2566 tore
442 2500 517 2567 adv,
543 2502 706 2572 ἀικαίιος
731 2506 772 2583 ἕξ
796 2501 827 2583 3,
853 2501 906 2584 93,
938 2501 997 2564 122
1022 2500 1054 2588 (ξ
1079 2501 1138 2586 66)
1171 2499 1227 2585 (ab
1253 2501 1418 2566 Aeschine

349 2609 447 2673 etiam
471 2611 581 2694 ὀρθῶς
605 2605 668 2689 ΙΙΙ,
693 2609 746 2672 21.
771 2631 791 2672 a
814 2607 1036 2672 Demosthene
1061 2613 1162 2679 καλῶς
1186 2609 1264 2692 ΧΧ,
1293 2607 1390 2690 118).

436 2715 619 2780 Adamasse
642 2714 834 2803 Lycurgum
867 2716 1001 2780 nomina
1035 2714 1127 2780 varie
1151 2716 1331 2800 composita
1354 2715 1419 2779 iam

349 2845 449 2907 supra
482 2831 528 2908 (p.
555 2823 587 2905 1)
621 2822 958 2905 commemoravimus
994 2823 1200 2908 eundemque
1236 2822 1418 2908 complures

349 2928 606 3014 praepositiones
632 2951 706 2994 cum
730 2928 841 2992 verbis
867 2929 1098 3014 (simplicibus)
1124 2929 1295 3013 copulasse
1312 2952 1420 3015 neque

349 3037 506 3102 inusitata
537 3035 721 3100 huiusmodi
761 3036 942 3120 composita
974 3037 1097 3120 fugisse
1130 3035 1253 3101 ibidem
1286 3035 1420 3101 adnota-

350 3143 466 3207 vimus.
522 3141 676 3206 maiorem
717 3141 764 3206 sic
800 3141 939 3207 orationi
974 3142 1123 3232 vigorem
1158 3123 1421 3228 gravitatemque

349 3249 427 3315 addi
451 3248 658 3313 manifestum
683 3258 741 3332 est,
766 3250 812 3313 ita
835 3260 871 3313 ut
894 3249 971 3314 hinc
995 3271 1124 3336 quoque
1157 3249 1314 3334 probetur
1338 3248 1420 3313 iudi-

350 3357 435 3420 cium
458 3355 597 3443 Dionys.
622 3355 742 3440 Halic,
767 3356 823 3442 qui
848 3356 881 3440 (l.
907 3362 950 3437 c.)
975 3351 1168 3444 Lycurgum
1185 3360 1355 3446 αὐξητικὸν
1371 3359 1420 3420 καί

350 3463 522 3552 διηρμένον
547 3464 595 3527 καί
626 3465 746 3550 σεμνόν
777 3462 931 3548 appellat.
973 3463 1060 3527 idem
1086 3463 1154 3526 fere
1185 3465 1283 3527 etiam
1306 3462 1418 3528 verbis

349 3593 415 3634 una
447 3570 687 3656 praepositione
723 3569 982 3653 compositis
1018 3569 1176 3653 efficitur,
1210 3571 1237 3634 si
1270 3569 1316 3634 eis
1347 3593 1421 3655 pro

303 3737 305 3742 .
350 3677 624 3763 simplicibus
648 3677 751 3743 utitur
776 3685 905 3742 orator:
1052 3729 1055 3738 .
1202 3751 1204 3756 ,
1255 3691 1257 3696 '

439 3783 458 3870 ᾗ
486 3784 546 3848 111
571 3784 621 3848 bis
654 3786 882 3875 drayprlpeev,
912 3781 969 3846 ubi
1003 3782 1135 3870 γμοίμειν
1170 3781 1286 3866 (veluti
1310 3788 1330 3867 ξ
1357 3783 1420 3848 126

350 3893 494 3978 ἔγραψαν
519 3893 561 3961 είς
587 3891 645 3975 τὴν
668 3893 805 3979 στήλην)
831 3890 1007 3958 sufficeret.

439 4003 459 4079 ξ
484 3998 523 4062 51
550 3997 738 4084 ἀπονέμειν
763 4001 863 4083 τιμάς,
898 3997 986 4084 quod
1011 4018 1075 4060 non
1101 3995 1220 4080 legitur
1243 3995 1306 4060 nisi
1330 3996 1421 4081 apud

350 4103 529 4168 Isocratem
553 4101 625 4186 (IV,
653 4105 681 4168 1.
709 4103 785 4181 118)
810 4124 868 4186 pro
893 4104 1012 4166 usitato
1038 4105 1128 4188 τιμὰς
1155 4103 1269 4189 νέμειν.

439 4215 480 4292 §ss
504 4211 533 4293 3,
563 4210 611 4294 18,
639 4209 703 4273 114
727 4209 922 4283 διασώζειν.

439 4321 459 4400 ξ
486 4318 547 4382 101
573 4316 869 4406 ἐκστματεύεσιλαι.
