3120 4930
745 491 967 575 μήθ..

778 671 781 675 ’
828 723 872 789 11.

319 819 362 886 Ite
382 831 670 900 praeposifionibus,
688 845 767 898 quac
787 846 853 886 cum
873 831 989 888 duobus
1008 831 1128 888 casibus
1149 831 1384 900 coniunguntur.

809 939 884 1003 διὰ.

663 1063 690 1126 1.
716 1083 802 1126 cum
825 1062 1039 1146 genetivo.
1155 1083 1157 1088 ’

399 1165 451 1232 Ex
474 1167 588 1232 nativa
611 1167 743 1232 notione
766 1190 812 1232 sc.
837 1168 948 1254 spatii,
974 1168 1062 1256 quod
1086 1167 1307 1254 percurritur,
1341 1169 1385 1233 ad

312 1298 409 1361 quam
441 1275 591 1360 proxime
615 1275 788 1356 accedito
816 1276 853 1342 l'I
888 1277 950 1341 διὰ
985 1279 1040 1364 τής
1071 1277 1199 1348 πυλίδος
1232 1276 1384 1354 ἐξελθών,

320 1401 471 1446 manasse
500 1379 632 1445 videtur
663 1379 783 1446 locutio
816 1383 879 1446 διὰ
913 1381 1021 1454 τέλους
1043 1385 1220 1464 dacica&
1248 1382 1287 1446 16
1310 1381 1331 1446 i.
1357 1401 1384 1445 e.

328 1509 432 1576 usque
466 1487 509 1552 ad
532 1488 630 1552 finem
653 1486 771 1574 (omni,
805 1486 893 1574 quod
925 1487 1152 1574 interpositum
1185 1495 1248 1572 est,
1277 1487 1385 1574 spatio

312 1593 440 1680 relicto)
464 1615 489 1658 s.
508 1603 695 1658 constanter
719 1593 855 1659 audire!
881 1594 922 1658 cf.
939 1593 1067 1659 Andoc.
1090 1593 1118 1676 Ι,
1136 1595 1166 1659 9.
1191 1593 1270 1682 Lys.
1287 1593 1384 1678 XIX,

315 1703 365 1765 11.
405 1699 507 1766 Isoer.
542 1698 619 1782 XV,
645 1699 696 1766 II.
736 1698 829 1783 VIII,
865 1700 925 1780 173
965 1699 1083 1787 quibus
1112 1698 1199 1764 adde
1222 1697 1385 1784 exempla,

317 1827 401 1892 quae
426 1804 559 1890 collegit.
581 1803 664 1870 Lutz
688 1803 709 1876 l.
734 1827 762 1870 c.
787 1827 819 1890 p.
844 1805 897 1872 64.

401 1914 464 1977 Pro
489 1915 538 1977 δι’
561 1911 758 2002 ἀπορρήτων
783 1911 860 1994 §85
886 1921 1126 1976 consueverunt
1151 1911 1260 1976 dicere
1285 1911 1386 1978 Attici

312 2023 351 2084 ἐν
376 2021 573 2108 ἀπορρήτοις
607 2041 632 2085 ε.
658 2021 672 2083 ἐ
681 2046 697 2083 ν
720 2019 898 2108 ἀπορρήτῳ
930 2017 1034 2105 (velut
1057 2017 1186 2085 Andce.
1211 2020 1239 2104 I,
1263 2019 1316 2084 45.
1340 2018 1386 2102 ΙΙ,

315 2129 363 2192 19.
399 2125 478 2214 Lys.
503 2125 605 2210 XIII,
636 2129 704 2210 21).
733 2125 899 2190 invenitur
931 2137 1040 2190 tamen
1064 2124 1145 2189 illud
1169 2125 1267 2190 etiam
1290 2123 1379 2210 apud

312 2234 467 2301 Aeschin.
491 2235 553 2317 III,
579 2236 631 2304 96.
659 2234 729 2319 (Pe)
752 2235 921 2300 Demosth.
946 2234 1038 2321 LIX,
1064 2235 1115 2302 79.

401 2341 645 2428 Praepositionc
677 2343 728 2407 διὰ
759 2351 791 2406 et
823 2364 897 2406 cum
921 2342 1074 2428 genetivo
1099 2351 1131 2406 ct
1155 2363 1228 2406 cum
1253 2363 1385 2408 aecusa-

312 2449 379 2514 tiro
404 2449 580 2514 coniuncta
602 2449 783 2534 significari
806 2471 957 2534 causam,
993 2472 1057 2536 qua
1081 2447 1206 2537 aliquid
1230 2448 1383 2536 efficitur,

311 2556 514 2621 notissimum
539 2566 596 2621 est.
622 2555 679 2620 sed
704 2579 767 2621 non
793 2578 926 2642 prorsus
951 2556 1066 2622 eadem
1090 2555 1202 2621 subest
1224 2556 1275 2620 vis
1291 2579 1384 2642 prae-

312 2663 466 2749 positioni
489 2664 540 2728 διά
557 2685 630 2728 eum
647 2663 800 2748 genetivo
829 2672 925 2751 atque
949 2686 1022 2728 eum
1047 2663 1158 2728 dativo
1182 2644 1382 2731 coniunctae.

312 2770 401 2856 apud
425 2769 618 2858 Lycurgum
643 2769 793 2858 quidem,
826 2771 854 2835 si
879 2770 958 2858 quid
983 2771 1091 2856 video,
1122 2770 1185 2836 hoc
1208 2770 1385 2836 dIserImen

313 2877 494 2962 obtinetur,
532 2889 568 2943 ut
605 2900 678 2942 cum
714 2878 859 2943 secundo
891 2901 969 2944 casu
994 2877 1164 2965 copuletur
1187 2878 1384 2964 praepositio

313 2995 398 3069 tum,
436 3007 510 3050 oum
545 3006 685 3070 persona
720 2983 774 3048 vel
806 3007 859 3050 res
895 2984 1005 3072 aliqua
1040 2995 1089 3050 est
1113 3007 1212 3052 eausa
1235 2986 1383 3051 efficiens

312 3091 468 3158 facinoris
491 3113 550 3157 seu
573 3100 676 3156 status
701 3091 849 3157 alicuius.
890 3091 977 3180 quod
1001 3091 1098 3158 liceat
1120 3091 1200 3157 mihi
1224 3092 1383 3179 exemplis

312 3199 491 3266 illustrare:
517 3200 595 3283 §60
619 3199 844 3290 τελευτήσαντι
861 3207 1096 3288 συναναιρεῖται
1119 3199 1232 3283 πάντα,
1257 3200 1303 3264 δι’
1328 3202 1384 3264 ὦν

312 3312 350 3372 ἄν
376 3329 420 3379 τις
445 3306 721 3396 εὐδαιμονήσειεν·
756 3329 821 3371 non
854 3306 934 3370 dicit
967 3314 1077 3371 orator
1100 3309 1146 3372 δι’
1174 3307 1204 3386 ἅ,
1238 3307 1315 3393 quia
1338 3306 1383 3370 lo-

314 3415 424 3501 quitur
448 3413 489 3478 de
513 3413 594 3500 ipsis
618 3413 778 3499 sensibus,
802 3413 843 3478 de
859 3421 977 3498 ments,
1002 3413 1144 3500 denique
1161 3413 1201 3478 de
1218 3412 1380 3498 omnibus,

313 3542 397 3608 quae
422 3543 478 3608 per
502 3542 537 3586 se
561 3519 734 3606 hominem,
760 3519 867 3608 quoad
892 3521 993 3605 vivat,
1018 3519 1160 3586 reddant
1183 3519 1324 3586 beatum.
1342 3561 1380 3571 -

313 3628 399 3692 idem
428 3627 642 3693 iudicandum
674 3637 722 3693 est
753 3628 795 3693 de
824 3629 941 3714 fragm.
973 3629 1014 3694 70
1046 3637 1085 3693 οδ
1110 3631 1170 3718 γὰρ
1194 3629 1285 3694 ὅσιον
1310 3630 1383 3702 τοὺς

313 3737 550 3824 γεγραμμένους
589 3737 721 3823 νόμους,
760 3739 808 3802 δι>
845 3739 897 3800 ὥν
938 3737 955 3828 ή
995 3737 1197 3827 δημοκρατία
1234 3737 1382 3816 σώζεται,

314 3844 530 3931 παραβαίνειν.
555 3865 665 3907 —ex
689 3842 793 3908 altera
815 3852 910 3930 parte
934 3845 986 3908 διά

533 4043 537 4052 »
624 4003 655 4067 2.
686 4024 774 4067 cum
808 4001 1071 4068 accusativo

314 4125 471 4212 coniungi
495 4125 585 4213 solet,
609 4127 667 4192 ubi
691 4150 754 4191 non
771 4126 844 4212 ipsa
860 4149 960 4191 causa
984 4126 1169 4210 denotatur,
1193 4125 1251 4190 sed
1276 4126 1382 4214 culpa,

314 4232 447 4316 meritis,
471 4236 659 4299 interventu
683 4232 821 4298 alicuius
845 4231 968 4319 aliquid
993 4232 1079 4297 effici
1094 4230 1310 4318 significatur.
1335 4233 1384 4296 sic

315 4339 410 4425 culpa
443 4340 607 4405 indicatur
639 4334 704 4424 §9
738 4351 777 4406 ου
811 4343 875 4406 διὰ
907 4341 1070 4428 ῥαθυμίαν
1091 4390 1178 4421 ......
1209 4342 1288 4406 ἀλλὰ
1317 4340 1386 4405 διὰ
