3120 4930
621 507 840 585 ..gt-.-

186 711 368 801 particulae
392 711 510 778 ‘etiam’
534 722 591 778 aut
613 711 683 777 ‘vel'
707 713 830 780 hahere
855 714 911 800 (af.
935 714 1094 782 Kuehusr
1118 721 1137 798 ᾖ
1160 702 1259 814 524);

146 869 154 878 -
185 823 270 908 §57
310 825 426 887 τοῦτον
460 823 497 886 δὲ
530 822 632 908 μόνον
667 824 701 886 ἐν
738 829 803 893 τοῖς
839 823 914 886 τότε
948 828 1068 910 καιροῖς
1104 825 1166 888 ι-αί
1190 825 1260 889 κατ’

185 930 337 1018 ἐργασίαν
362 930 502 1012 ἐκπλεῖν,
531 928 615 1011 §621
642 929 706 992 καὶ
729 931 763 992 ἐκ
787 927 913 992 τούτων
951 929 1038 1015 ὅμως
1077 930 1259 1019 ἠλευθερώ-

186 1040 304 1125 όημεν,
339 1041 359 1117 ᾗ
383 1035 425 1098 δι’)
451 1036 499 1099 ἐπὶ
523 1039 600 1100 πᾶσι
624 1037 685 1100 καί
719 1041 785 1106 τοῖς
809 1035 986 1123 ἐλαχίστοις
1009 1037 1258 1127 παρανομήμασι

184 1144 330 1209 ’θάνατον
354 1143 477 1231 ὥρισαν
501 1144 581 1207 εἶναι
606 1144 666 1230 την
692 1143 818 1231 ζημίαν,
843 1144 918 1224 §71
945 1143 1027 1208 ὅπου
1052 1145 1087 1209 δὲ
1111 1145 1173 1209 καί
1198 1146 1256 1208 τοῦ

184 1251 281 1333 λόγου
307 1253 463 1338 τιμωρίαν
488 1251 599 1338 ηξίοον
622 1249 806 1336 λαμβάνειν,
838 1249 856 1336 ἦ
881 1273 942 1314 τοο
966 1251 1023 1314 τόν
1047 1251 1133 1337 ἔργῳ
1155 1273 1253 1338 παρα-

183 1359 283 1424 δόντα
306 1358 366 1444 την
390 1357 512 1421 πόλιν..
524 1408 530 1421 .
542 1365 595 1422 ,οδ
618 1357 767 1443 μεγάλαις
783 1357 823 1420 όν
841 1357 965 1445 ζημίαις
980 1357 1137 1422 ἐκόλασαν
1142 1381 1157 1435 ,·
1179 1361 1199 1438 ξ
1213 1357 1256 1421 90

183 1464 293 1552 ὥσπερ
324 1473 363 1528 οὐ
394 1464 599 1536 πάνταςκαὶ
624 1464 698 1535 τοὺς
721 1465 914 1535 κλέπτοντας
938 1464 987 1527 καί
1012 1464 1255 1551 ἱεροσυλοῦντας

182 1570 265 1658 („ais
289 1569 331 1635 ob
348 1569 440 1634 nicht
453 1568 528 1654 alle,
552 1568 660 1634 Diebe
677 1591 775 1655 sogar
790 1569 859 1634 und
874 1568 1134 1654 Tempelrauber
1145 1619 1167 1636 ..
1178 1573 1252 1654 ..“),

181 1681 201 1760 ξ
234 1677 298 1741 139
334 1679 383 1763 ἐρ’
419 1677 465 1747 οἷς
501 1679 602 1760 ἔγωγε
639 1678 701 1742 καί
736 1676 889 1764 μάλιστ’
925 1673 1013 1760 (vel
1046 1677 1252 1761 maxime')

179 1789 349 1866 ἀγανακτῶ
384 1784 432 1870 (v.
466 1782 621 1868 Hartung
652 1783 780 1870 „Lehre
814 1805 880 1848 von
912 1782 976 1846 den
1008 1782 1179 1850 Partikeln
1214 1784 1246 1850 d.

180 1890 302 1976 grisoli.
327 1890 422 1975 Spr.“
445 1889 753 1974 Eriangen1832l3
777 1891 803 1954 Ι.
828 1913 860 1976 p.
888 1890 997 1973 134.);
1022 1890 1041 1977 ξ
1067 1891 1132 1956 124
1161 1893 1252 1958 {aava

179 1998 237 2084 μὲν
260 1997 318 2061 οὖν
352 1997 415 2061 καί
448 1998 547 2062 ταῦτα
581 1999 640 2085 τὴν
667 2002 734 2072 τῶν
757 1999 927 2085 προγόνων
960 2003 1078 2080 γνῶναι
1105 1999 1248 2064 διάνοιαν

162 2104 238 2189 tei.
258 2105 363 2168 Isaer.
397 2103 491 2189 VIII,
524 2106 592 2186 25).
616 2143 657 2154 -
683 2104 792 2190 notio,
822 2127 908 2191 quae
940 2104 975 2170 in
1005 2104 1056 2170 his
1089 2105 1250 2191 exemplis

179 2211 264 2276 inest
295 2209 475 2296 particulae
510 2211 562 2276 καί
574 2211 608 2298 ι),
644 2210 740 2275 etiam
774 2211 881 2295 magis
898 2212 1048 2290 *effertur
1072 2234 1125 2296 eu,
1158 2212 1248 2300 qnod

178 2317 312 2382 additur
335 2318 400 2407 μην
429 2316 474 2404 (a
511 2339 612 2402 vero,
650 2317 717 2382 iam
748 2318 869 2405 vero‘):
905 2319 992 2396 §79
1015 2320 1077 2384 καί
1100 2320 1247 2406 μην,ὦ

177 2427 302 2514 ἄνδρες,
326 2426 388 2489 καί
412 2427 507 2492 τοῦδ’
530 2425 609 2512 ὑμᾶς
631 2428 682 2491 δεῖ
702 2428 821 2514 μαόεῖν
845 2429 910 2492 ιιτλ.
947 2431 967 2507 ξ
994 2427 1056 2490 134
1080 2428 1148 2493 Καὶ
1171 2429 1248 2515 μὴν

179 2539 292 2598 ...τῶν
316 2531 448 2596 πώποτε
471 2533 642 2620 προδοτῶν
665 2532 838 2597 δικαιότατ’
862 2534 901 2597 δν
925 2532 1126 2622 Λεωκράτης,
1148 2535 1248 2607 εἴτις

176 2641 295 2726 μείζων
333 2639 382 2727 εἴη
419 2640 556 2727 τιμωρία
590 2639 754 2718 δανοίτοο,
787 2638 911 2728 ταύτην
950 2639 1097 2728 ὑπόσχοι.
1134 2681 1176 2692 --
1211 2664 1242 2708 v,

176 2745 332 2810 Kuehner
356 2745 375 2832 ξ
399 2747 476 2825 502,
499 2766 529 2810 α,
553 2745 707 2830 Hartung
730 2745 752 2812 l.
777 2767 804 2812 e.
829 2745 872 2812 ΙΙ.
898 2768 930 2831 p.
955 2745 1031 2812 379.

265 2851 445 2933 Quaerenti
467 2851 561 2934 mihi,
592 2875 692 2938 quarn
714 2851 876 2918 rationem
898 2859 1029 2918 secutus
1051 2851 1095 2918 sit
1116 2853 1245 2942 Lycur·
1339 2880 1344 2886 ·

175 2981 236 3045 gns
268 2959 303 3023 in
335 2960 533 3046 usurpandis
566 2959 735 3048 particulis
765 2960 843 3026 ἀλλά
878 2968 910 3024 et
932 2961 1010 3026 ἀλλὰ
1032 2961 1085 3025 καί
1107 2971 1181 3046 pest
1205 2973 1244 3030 οὐ

176 3068 315 3154 (μόνον),
336 3065 400 3131 hue
422 3066 598 3132 dicendum
624 3088 695 3130 esse
719 3065 860 3153 videtur,
890 3087 963 3132 eum
987 3088 1101 3134 norma
1122 3067 1158 3134 in
1182 3067 1244 3136 hae

174 3195 209 3238 re
233 3174 363 3238 omniuo
388 3196 483 3238 usum
506 3195 571 3238 nou
595 3195 675 3238 esse.
700 3172 811 3259 itaque
835 3171 898 3237 viri
923 3171 1021 3256 docti,
1046 3173 1103 3260 qui
1119 3181 1244 3240 eertum

174 3279 263 3366 apud
285 3289 449 3346 oratorem
473 3278 649 3344 discrimen
662 3288 808 3346 statuere
825 3279 933 3344 eonati
948 3287 1033 3363 sunt,
1057 3280 1241 3366 pugnantia
1281 3315 1284 3320 ·

172 3387 257 3452 inter
278 3408 314 3452 se
338 3386 517 3472 proferunt,
541 3385 642 3450 veluti
663 3386 833 3452 Maetzner
856 3385 899 3454 ad
923 3391 979 3465 §9
1003 3395 1036 3450 et
1061 3387 1125 3452 106
1146 3386 1242 3452 huius

173 3493 338 3562 orationis.
374 3493 431 3580 qui
460 3493 570 3578 priore
592 3491 666 3558 loeo
692 3491 844 3558 adfirmat
868 3490 982 3558 addita
1005 3491 1168 3578 particula
1190 3493 1241 3560 καὶ

168 3600 364 3666 ‘minoribus
399 3600 542 3684 maiora,
574 3598 663 3684 parti
695 3599 806 3664 tetum'
830 3597 926 3684 addi,
957 3598 1138 3683 posteriore
1169 3597 1240 3666 loeo

172 3707 291 3772 omissa
314 3705 476 3793 particula
499 3706 587 3771 idem
610 3705 682 3770 fieri
706 3705 893 3772 contendit:
929 3706 1114 3791 promisuue
1138 3705 1240 3790 igitur

170 3815 249 3880 λλλιί
271 3822 303 3879 et
324 3817 403 3880 ἀλλὰ
426 3813 479 3878 καί
514 3821 586 3899 post
619 3823 657 3878 οδ
681 3815 782 3901 μόνον
805 3813 953 3900 posuisse
975 3813 1168 3902 Lycurgum
1192 3812 1240 3880 di·

170 3921 310 3987 eendum
333 3932 394 4006 est,
417 3920 515 4007 quud.
530 3920 730 4005 intellegitur
746 3944 788 3986 ex
803 3920 983 4007 exemplis:
1008 3923 1065 4006 §9
1087 3923 1137 3986 δεῖ
1160 3921 1239 4008 ὑμᾶς

169 4029 321 4112 γενέσθαι
343 4030 393 4116 μὴ
420 4027 546 4114 μόνον
571 4031 627 4092 τοῦ
652 4029 708 4092 νόν
730 4029 928 4118 ἀδικήματος
953 4029 1114 4107 δικαστάς,
1136 4031 1238 4094 ἀλλὰ

260 4193 278 4258 ¹)
300 4192 391 4245 eidem
420 4191 519 4260 generi
548 4191 763 4245 attribuendum
803 4197 848 4244 est
885 4191 955 4255 §14
976 4186 992 4262 ἢ
1013 4193 1104 4243 καλῶς
1133 4185 1150 4261 ἢ
1178 4189 1236 4243 καὶ

169 4280 347 4349 pervinctos.
366 4279 517 4333 Demosth.
535 4278 600 4346 XX,
621 4275 697 4347 1232}
716 4280 795 4338 ξένος
814 4275 894 4352 ἧκα(
910 4293 951 4332 τις
969 4281 1104 4349 πολίτης),
1121 4279 1160 4332 (Is
1178 4295 1236 4349 qua

167 4369 312 4424 locatione
331 4387 358 4423 v.
376 4368 515 4422 Kuehner
534 4373 549 4431 ξ
566 4369 628 4434 540,
646 4368 672 4422 2.

1056 4457 1073 4511 6
