3120 4930
714 511 932 577 ..50-

291 710 363 782 τολις
385 708 597 798 στρατηγούς.
622 709 701 791 §25
726 711 759 772 ἐκ
784 713 839 796 τῆς
863 709 1015 796 πατρίδος
1039 710 1120 772 αυτιλ
1143 713 1204 794 (sc.
1223 711 1262 772 τὰ
1286 711 1355 797 ἱεριλ

289 816 437 903 πατρῴα)
462 817 590 904 κινήσας
618 815 811 902 συμφεύγειν
847 816 937 901 αὐτῷ
962 817 1146 880 ἐκλείποντα
1181 817 1254 887 τοὺς
1278 817 1357 886 νεὼς

290 924 484 1010 ...alitione
500 925 549 988 καί
567 923 760 1010 ἱδρύσασθαι
780 923 828 986 ἐπί
844 922 935 1012 ξένης
952 923 1000 986 καί
1017 923 1194 1009 ἀλλοτρίας,
1212 923 1260 988 καί
1278 923 1357 987 εἶναι

289 1031 420 1096 ὀθνεῖοι
444 1031 524 1093 αὐτὰ
547 1051 665 1093 αουιου
689 1028 871 1094 subiectum
896 1037 944 1094 est
959 1028 1195 1093 infinitivorum
1219 1029 1357 1115 ‹repperi-

290 1160 355 1218 γειν
379 1149 410 1198 et
434 1137 511 1200 εἶναι
528 1137 680 1217 (orosto),
704 1157 778 1200 cum
794 1134 948 1199 infinitivi
965 1136 1159 1223 ἱδρύσασθαι
1175 1134 1359 1200 subiectum

289 1243 331 1307 sit
354 1245 553 1332 Λεωκράτης,
584 1243 672 1332 quod
703 1265 819 1309 nomen
851 1241 1059 1328 subintellegi
1092 1242 1190 1308 debet
1214 1265 1231 1307 e
1254 1242 1358 1307 verbo

290 1351 418 1440 ηξίωσε.

530 1488 536 1497 s
626 1511 676 1582 Dc
699 1509 1023 1602 praepositionibus.

379 1673 573 1760 Priusquam
609 1673 650 1738 ad
688 1673 834 1758 singulas
871 1673 1066 1738 accedamus
1101 1673 1362 1758 praepositiones

290 1781 495 1864 tractandas,
531 1780 661 1845 adferre
696 1781 793 1846 liceat
827 1803 952 1866 pauca,
988 1804 1072 1868 quae
1104 1780 1146 1845 ad
1170 1781 1362 1845 universum

291 1888 569 1975 praepositionum
592 1909 686 1953 usum
710 1895 870 1974 spectant.

380 1993 582 2078 Praepositio
606 1995 637 2058 iu
664 1995 766 2059 altero
790 1994 935 2059 membro
960 1995 1078 2080 posita,
1103 1996 1136 2058 in
1161 1994 1261 2059 altero
1286 1993 1363 2058 sub-

292 2101 513 2186 intellegenda
536 2111 584 2165 est
607 2108 626 2186 ξ
646 2103 686 2165 14
709 2113 771 2190 οὐχ
794 2103 904 2187 ὅμοιός
929 2105 1015 2168 ἐστιν
1035 2103 1122 2185 ἀγὼν
1146 2103 1217 2189 περί
1235 2101 1363 2166 τούτοιν

293 2212 342 2273 καί
368 2217 433 2273 τῶν
457 2214 561 2274 άλλων
586 2212 723 2274 ἰδιωτῶν
748 2217 767 2292 ξ
794 2211 857 2272 114
881 2219 920 2273 ου
943 2211 1045 2296 μόνον
1071 2211 1148 2297 ὑπὲρ
1174 2215 1229 2295 τῆς
1253 2209 1364 2273 αὑτῶν

273 2318 455 2404 πατρίδος,
480 2319 557 2381 ἀλλὰ
582 2319 630 2381 καί
654 2319 757 2407 πάσης
782 2323 838 2406 τῆς
854 2316 1004 2388 Ἑλλάδος.
1031 2317 1181 2402 exempla
1198 2324 1364 2381 oratorum

296 2423 383 2488 haud
408 2423 454 2489 ita
476 2423 578 2489 multa
594 2424 726 2507 collegit
741 2423 914 2490 Rehdantn
938 2424 972 2488 in
989 2423 1098 2488 indice
1115 2424 1243 2509 saepius
1261 2423 1368 2487 citato

293 2553 316 2594 s.
342 2553 373 2597 v.
398 2529 649 2616 ‘praeposition’

384 2639 436 2702 Dc
459 2639 579 2703 iterata
602 2639 845 2724 praepositione
877 2642 919 2711 είς
949 2645 969 2722 ξ
997 2641 1058 2704 129
1083 2642 1117 2703 εἰ
1124 2664 1136 2711 ς
1160 2643 1239 2704 αυτδ
1264 2642 1364 2702 τοῦτο

297 2747 356 2831 την
381 2747 536 2833 τιμωρίαν
563 2747 724 2824 τάξαντες,
749 2747 783 2810 εί
790 2769 803 2817 ς
828 2748 845 2809 δ
869 2747 1006 2833 μάλιστα
1030 2747 1227 2834 φοβούμενοι
1249 2747 1366 2834 τυγχά-

295 2876 412 2919 νουσιν,
449 2852 537 2917 haud
562 2853 628 2918 scio
654 2875 694 2916 an
726 2853 772 2918 sic
787 2853 922 2938 ¹optime
946 2853 1146 2921 iudicemus:
1176 2853 1367 2917 sollemnem

295 2981 400 3045 neque
436 2959 626 3024 insolentem
659 2959 863 3025 attractionis
892 2960 1022 3024 relativi
1053 2969 1249 3025 structuram
1274 2959 1368 3024 adhi-

294 3066 364 3130 buit
388 3076 496 3131 orator
513 3069 586 3154 (τἠν
611 3069 767 3153 τιμωρίαν
794 3071 944 3145 τάξαντες
969 3072 1010 3140 εἰς
1035 3071 1052 3131 δ
1076 3072 1147 3155 μαλ.
1173 3071 1247 3156 popl.
1274 3090 1366 3155 τυγχ.

294 3177 468 3258 μιο...ει’ς
501 3178 609 3253 τοῦτο,
643 3177 659 3238 δ
683 3181 755 3262 μαλ.
781 3201 813 3263 p.
840 3180 881 3256 τ.)
918 3175 1052 3260 oblitus,
1084 3197 1168 3262 quae
1202 3183 1250 3239 est
1293 3176 1365 3238 eius

295 3279 468 3364 festinatio,
494 3281 742 3347 demonstrativi
763 3287 887 3366 (τοῦτο)
905 3283 970 3346 iam
987 3283 1094 3368 positi.
1113 3283 1149 3346 cf
1160 3283 1262 3348 Isocr.
1278 3280 1362 3366 XII,

295 3388 336 3451 68
361 3397 418 3452 ουκ
436 3391 469 3453 ἐκ
486 3388 610 3454 τούτων
638 3393 763 3478 ἔφερον,
789 3393 824 3465 ἐξ
846 3393 892 3454 ὥν
915 3393 1005 3455 αὐτοὶ
1030 3389 1188 3456 διέσωσαν
1212 3389 1271 3474 IV,
1296 3389 1363 3454 140

294 3495 461 3560 Demosth.
486 3494 580 3581 VIII,
594 3497 646 3561 26.
672 3501 725 3585 αρ’
748 3501 794 3561 οὖν
810 3499 929 3585 ἀγείρει
946 3499 995 3562 καί
1013 3503 1181 3586 προσαιτεῖ
1196 3499 1245 3562 καί
1263 3497 1366 3561 δανεί-

296 3604 391 3681 ζεται,
415 3603 477 3667 άπὸ
503 3603 627 3668 τούτων
651 3606 759 3687 διάγει.
784 3605 937 3668 Aeschin.
955 3605 981 3687 I,
1009 3607 1071 3668 154
1096 3608 1129 3668 ἐκ
1155 3606 1249 3668 τίνων
1273 3605 1362 3668 ἐστίν

295 3711 580 3799 ἐπιτηδευμάτων,
613 3714 646 3774 ἐκ
678 3711 803 3776 τούτων
839 3716 874 3786 ἐξ
905 3715 950 3776 ὦν
974 3715 1073 3776 αυτὸν
1098 3713 1263 3800 πράξαντα
1285 3715 1367 3776 άπα-

296 3818 484 3905 γυρεὺουσιν
508 3820 539 3880 οἷ
559 3820 651 3904 νόμοι
668 3821 711 3906 μὴ
731 3823 928 3909 δημηγορεῖν
953 3821 1000 3906 (V.
1012 3819 1209 3907 Bernhardy
1226 3842 1256 3904 p.
1275 3820 1370 3901 203).

297 3947 403 4011 neque
427 3925 514 3988 enim
538 3924 704 3991 adsentior
728 3925 874 4012 Sauppio
899 3937 931 3990 et
947 3927 1158 4011 RehdantziO,
1176 3926 1231 4014 qui
1248 3929 1290 3998 εἰς
1307 3948 1370 4011 per

295 4054 330 4095 se
355 4054 429 4096 cum
453 4034 628 4119 μοβεῖσλλαι
653 4033 807 4116 coniungi
831 4056 926 4119 posse
951 4034 1154 4117 existimant,
1181 4033 1257 4120 quia
1280 4055 1368 4097 unus

296 4139 351 4204 ille
375 4162 470 4226 quem
497 4139 650 4203 adferunt
675 4139 845 4224 Sophoclis
870 4141 959 4206 locus
995 4140 1090 4224 (Oed.
1115 4141 1153 4204 R.
1181 4164 1211 4205 v.
1237 4141 1302 4205 980
1326 4143 1369 4207 σὺ

296 4249 367 4318 δἐίς
392 4251 430 4312 rol
453 4251 576 4338 μητρὸς
595 4250 639 4336 μη
658 4251 761 4337 φοβοῦ
781 4251 1001 4338 νυμηεύματα)
1026 4249 1175 4314 sulficere
1199 4249 1277 4314 mihi
1301 4272 1370 4314 non

296 4355 426 4424 videtur
443 4356 485 4432 ad
508 4355 802 4430 demonstrandum
819 4357 915 4426 etiam
933 4356 1076 4448 pedestri
1095 4357 1233 4424 orationi
1249 4359 1369 4446 (quau-
