3120 4930
486 507 776 586 ⁴-23-

127 699 231 786 ἱεροίς
254 699 304 762 καί
329 696 412 770 τοῖς
429 707 546 785 νόμοις.
571 706 591 782 ξ
610 701 673 764 150
689 703 1096 787 νομίζοντες....1κετεόειν
1113 706 1202 791 upote

127 806 205 892 τὴν
241 805 353 894 χώραν
388 807 438 870 καὶ
474 808 519 870 τὰ
554 807 681 894 δένδρα,
716 810 845 874 δεῖσθαι
881 811 972 881 τοὺς
1007 811 1133 898 λιμένας
1157 814 1202 876 τὰ

130 1021 248 1084 καὶτὰ
272 1020 341 1107 ἱερὰ
362 1021 502 1108 βοηθεῖν
524 1026 641 1092 αὐτοῖς.
667 1061 711 1071 -
733 1029 808 1086 utra
831 1021 931 1087 dictio
956 1022 1051 1089 altior
1075 1025 1126 1109 sit,
1144 1024 1203 1090 vix

128 1134 242 1212 potest
266 1125 453 1191 diiudicari.

226 1235 276 1298 Dc
300 1239 320 1317 ξ
344 1233 386 1300 87
411 1239 500 1321 αὐτῷ
525 1258 559 1298 τε
583 1236 633 1299 καὶ
658 1235 809 1319 ἐκγόνοις,
832 1235 890 1300 ubi
907 1236 1080 1302 articulum
1104 1245 1204 1312 τοῖςο

129 1341 250 1406 codice
273 1339 407 1408 minoris
431 1341 633 1408 auctoritatis
657 1341 906 1409 Vratislaviensi
929 1343 984 1432 (Z)
1010 1353 1131 1409 temere
1154 1366 1202 1409 re-

130 1457 296 1534 ceperunt
319 1447 460 1514 editores
483 1448 641 1536 nonnulli,
665 1473 697 1515 v.
721 1449 897 1514 Maetzner.
922 1449 965 1515 ad
989 1451 1020 1518 h.
1041 1450 1065 1517 l.

567 1703 779 1714 —n—....

405 1929 456 2000 De
478 1928 676 2000 nominibus
699 1929 940 2000 substantivis.

229 2110 424 2197 Priusquam
455 2108 688 2194 adgrediamur
718 2107 761 2174 ad
796 2109 1025 2194 exponendam
1057 2131 1205 2174 numero-

135 2239 211 2282 rum
236 2238 435 2303 casuumque
459 2215 662 2300 singulorum
677 2215 848 2300 rationem,
866 2214 997 2300 adferre
1013 2215 1112 2281 liceat
1127 2239 1206 2281 nou-

137 2322 240 2409 nulla,
265 2347 349 2411 quac
373 2323 415 2388 ad
439 2322 716 2389 substantivorum
732 2343 826 2388 usum
842 2322 1205 2408 universumspectent.

138 2431 359 2497 Abstraoto
383 2430 589 2496 substantivo
612 2429 713 2496 utitur
729 2429 905 2518 Lycurgus
925 2451 995 2516 pro
1020 2439 1206 2495 concreto
1246 2441 1249 2446 '

139 2537 203 2623 fug.
237 2541 270 2604 7:
307 2539 324 2629 ἡ
351 2539 481 2629 ἡλικία
511 2559 570 2623 pro
603 2540 635 2602 οἱ
658 2541 691 2602 ἐν
716 2538 829 2626 ἡλικίᾳ,
853 2537 884 2600 οἷ
909 2537 974 2600 νέοι
1006 2536 1206 2622 (Harpocr.).

140 2647 203 2712 hoc
226 2668 292 2711 nno
315 2645 386 2710 loco
410 2654 549 2731 excepto
574 2644 798 2710 adnotandum
815 2650 863 2708 est
879 2643 1117 2710 substantivum
1144 2645 1207 2733 ἡλι-

143 2754 194 2818 κία
217 2752 308 2840 apud
320 2752 511 2839 Lycurgum
535 2774 664 2838 semper
680 2759 821 2816 aetatem
838 2749 1027 2837 quamlibet,
1044 2773 1109 2816 non
1128 2750 1207 2815 adu-

95 2863 101 2872 '
142 2858 344 2943 lescentiam‚
369 2858 576 2944 significare:
612 2857 700 2942 §40
736 2858 934 2929 τοὺς...ταῖς
961 2858 1089 2945 ἡλικίαις
1112 2882 1207 2945 πρεσ-

141 2967 308 3054 βυτέρους,
325 2971 346 3050 §
362 2966 407 3030 44
429 2975 488 3032 οὐκ
511 2969 598 3032 ἔστιν
616 2968 683 3054 ἡτις
709 2965 811 3054 ἡλικία
826 2973 865 3029 ου
881 2963 1062 3052 παρέσχετο
1080 2963 1207 3052 ἑαυτήν,

143 3079 163 3156 ξ
190 3075 253 3139 144
276 3075 359 3139 Ποίιι
383 3075 419 3139 δὲ
444 3074 546 3164 ἡλικία
561 3076 688 3146 δικαίας
711 3077 750 3139 ἀν
767 3077 883 3139 τοῦτον
901 3075 1039 3162 ἐλεήσειε
1046 3097 1059 3152 ,·
1077 3111 1119 3121 -
1131 3071 1208 3136 ilem

142 3186 162 3264 ξ
187 3181 250 3246 132
276 3181 294 3270 ἡ
320 3181 447 3247 νεοττιοί
469 3204 528 3268 pro
552 3184 583 3246 οἱ
607 3182 671 3247 νέοι
695 3180 878 3246 adhibitum
907 3201 978 3245 esse
1002 3178 1068 3244 dici
1091 3187 1207 3265 potest.

232 3287 359 3354 Nomen
383 3289 553 3376 proprium
577 3288 688 3373 nimio,
721 3297 756 3354 ut
789 3287 884 3353 nobis
908 3285 1041 3374 quidem
1064 3285 1206 3370 videtur,

144 3395 385 3482 perspicuitatis
417 3395 525 3461 studio
559 3396 665 3481 posuit
697 3404 815 3477 orator,
840 3393 897 3458 ubi
919 3414 1097 3480 pronomen
1121 3392 1210 3458 suffi-

144 3515 245 3588 ceret,
269 3510 289 3588 5
314 3503 355 3569 87
380 3505 577 3570 ἀποκτείνειν
603 3506 670 3568 τόν
704 3504 874 3592 Κόδρον,
902 3500 959 3566 ubi
983 3509 1209 3587 exspectamus

144 3613 254 3693 αὐτόν,
288 3611 365 3698 quia
394 3611 428 3675 in
461 3610 576 3675 eadem
608 3609 768 3674 sententia
803 3607 980 3695 praecessit
1013 3612 1060 3695 τῷ
1087 3608 1209 3695 Κόδρῳ.

145 3741 252 3806 neque
276 3717 371 3794 aliter
394 3715 607 3782 iudicandum
632 3726 681 3781 est
705 3715 745 3780 de
769 3715 789 3802 ἡ
816 3716 878 3782 119
908 3716 1015 3802 ἐπειδὴ
1047 3716 1084 3778 τό
1116 3719 1210 3800 σῶμα

145 3835 203 3892 οὐκ
227 3825 380 3890 ἐδύναντο
405 3825 591 3912 ὑποχείριον
615 3825 684 3888 τοῦ
709 3823 913 3910 προδότου
935 3823 1053 3908 λαβεῖν,
1071 3823 1107 3885 τό
1132 3845 1210 3908 ρνη-

144 3940 236 4022 μεῖον
261 3935 329 3997 τοῦ
353 3934 558 4020 προδότου
587 3932 824 4001 ἀνελόντες
840 3929 1002 3993 ἐκόλασαν.
1027 3933 1046 4009 ξ
1075 3928 1136 3994 130
1159 3951 1210 3990 το-

146 4043 266 4106 σοῦτον
288 4039 455 4128 ἀφέστηκα
481 4041 536 4104 τοῦ
560 4039 676 4110 ἀδίκως
700 4040 759 4124 την
784 4036 980 4118 εἰσαγγελίαν
1004 4035 1100 4099 κατά
1116 4038 1211 4126 Λειο-

147 4148 282 4236 κρότους
311 4147 522 4236 ποιὴσασδαι,
552 4147 631 4211 όσον
663 4146 724 4228 ἐγὼ
754 4147 813 4231 μὲν
837 4144 1017 4231 ἐβουλόμην
1089 4144 1122 4206 ἐν
1148 4147 1212 4212 τοῖς

147 4254 406 4342 Λεωκράτους
456 4253 737 4325 οἰκέταις...τόν
788 4253 919 4338 ἔλεγχον
963 4248 1124 4332 γενέσθαι.
1170 4247 1211 4312 cf.

147 4360 309 4447 Krueger‚
333 4359 495 4448 gramm.⁶
527 4367 546 4446 ξ
570 4360 623 4449 51,
648 4363 668 4426 5
701 4358 776 4436 τόν,
802 4360 822 4422 2
846 4367 878 4423 et
901 4354 1046 4421 eiusdem
1070 4354 1145 4424 adn.
1170 4351 1212 4455 acl
