3120 4930
692 496 915 561 ...56-

263 693 389 760 indicet
412 715 447 758 se
471 715 536 758 non
560 714 694 778 sperare
718 692 797 758 talia
821 693 986 776 (erimina)
1017 715 1163 779 unquam
1187 697 1333 757 commis-

264 823 336 866 sum
359 801 400 864 iri
424 799 512 885 apud
531 800 758 864 Athenienses,
795 799 993 866 contrarium
1016 800 1084 865 fere
1109 799 1231 864 accidit
1254 802 1334 880 §56

268 910 285 972 ὃ
302 909 351 972 καὶ
368 907 497 973 πάντων
522 908 665 990 γένοιτ’
689 910 734 971 ἄν
750 908 973 985 ἀτοπώτατον,
991 908 1181 994 εἰ....ὑρ.εῖς
1197 908 1333 972 ἀπολύ-

271 1012 372 1092 σετε,
407 1013 465 1078 uhi
497 1014 593 1078 timor
625 1013 772 1079 incidere
804 1014 935 1079 videtur
968 1013 1106 1096 oratori,
1143 1036 1184 1076 ne
1208 1013 1335 1076 iudices

268 1145 358 1186 reum
382 1120 564 1187 absolvant.
606 1122 647 1186 cf.
679 1121 833 1208 Hartung
862 1121 979 1186 ‘Lehre
1003 1144 1068 1185 von
1093 1120 1125 1188 d.
1150 1121 1276 1185 Partik.
1303 1121 1333 1185 d.

265 1251 313 1314 gr.
339 1227 423 1314 Spr!
452 1229 497 1300 ΙΙ,
522 1251 553 1314 p.
578 1229 653 1294 257.
678 1229 876 1318 Bernhardy
900 1253 931 1314 p.
946 1229 1021 1294 386.
1055 1251 1152 1316 quam
1169 1228 1335 1292 licentiam

151 1391 153 1396 .
265 1358 329 1400 non
353 1358 488 1421 novam,
524 1335 584 1400 sed
608 1335 730 1422 optimo
756 1336 873 1422 cuique
898 1336 1050 1421 scriptori
1073 1329 1237 1400 interdum
1262 1357 1335 1420 prc-

263 1443 378 1508 batam
396 1463 465 1507 esse
482 1443 653 1529 exemplis,
678 1465 762 1530 quae
787 1443 976 1529 suppeditat
988 1443 1158 1508 Rehdantz
1175 1442 1207 1506 in
1225 1442 1336 1508 indice

268 1550 430 1614 Demosth.
456 1550 555 1615 citato
580 1555 619 1634 (s.
631 1574 663 1615 v.
676 1549 887 1635 ‘Indicativ')‚
912 1550 1062 1615 officitur.
1080 1588 1120 1599 —-
1146 1553 1174 1614 εἰ
1189 1571 1216 1614 c.
1235 1550 1334 1614 indic.

265 1679 371 1743 praes.
407 1657 441 1722 in
477 1657 600 1742 protasi
633 1667 665 1721 et
699 1665 800 1743 optat.
837 1681 864 1723 c.
900 1660 939 1722 dv
975 1657 1009 1721 in
1034 1656 1171 1742 apodesi
1201 1657 1337 1722 'coniun-

267 1773 406 1850 guntur:
432 1769 452 1848 ξ
478 1765 517 1830 ll
545 1765 614 1829 τίνα
637 1765 711 1830 d'dv
737 1767 857 1852 τρόπον
880 1766 961 1830 ὅπλα
985 1764 1268 1852 καταεσχύνειέ
1292 1789 1337 1836 τις

269 1875 388 1959 μᾶλλον
412 1871 432 1960 ἢ
457 1873 491 1936 εἰ
514 1874 620 1958 λαβεῖν
643 1874 687 1958 μὴ
714 1855 824 1938 θέλει
849 1877 913 1936 κτλ.
948 1912 991 1920 -
1025 1871 1157 1936 levioris
1182 1873 1334 1936 momenti

266 1989 315 2043 est
343 1979 497 2043 transitus
529 1978 571 2042 ab
596 1978 696 2044 indic.
721 1981 781 2044 fut.
818 1979 860 2044 ad
884 1979 983 2046 indic.
1021 2000 1127 2064 praes.
1170 1985 1190 2062 ξ
1218 1979 1280 2041 126
1304 1982 1339 2044 εἰ

267 2086 502 2174 προήσεσθε
526 2090 644 2150 τοῦτον
669 2089 725 2150 τὸν
750 2089 922 2175 καιρὸν...,
947 2095 1004 2150 οὐκ
1028 2088 1139 2150 ἔστιν
1163 2087 1235 2172 ὑμῖν
1256 2097 1336 2172 μετὰ

271 2196 371 2257 ταῦτα
394 2194 484 2282 δίκην
495 2243 500 2256 .
512 2245 517 2257 .
529 2243 534 2257 .
545 2246 551 2258 .
562 2195 678 2280 λαβεῖν.

685 2352 722 2406 l).
743 2352 925 2407 Inflnltlvus.

358 2457 410 2522 De
434 2457 612 2542 infinitivo,
646 2458 699 2522 cui
731 2457 886 2522 articulus
920 2460 1098 2544 praefixus
1127 2462 1232 2546 est1),
1272 2461 1337 2525 iam

269 2589 369 2650 snpra
392 2564 438 2650 (p.
452 2565 511 2650 22)
531 2564 782 2650 disputavimus.
808 2565 1137 2632 animadvertendum
1161 2575 1209 2631 est
1232 2567 1337 2630 infini-

271 2672 339 2735 tivo
379 2692 438 2756 per
477 2671 677 2755 epexegesin
716 2680 789 2755 post
828 2695 1006 2757 pronomen
1047 2674 1337 2738 demonstrativum

269 2780 373 2864 posito
408 2776 578 2842 articulum
610 2799 675 2841 non
708 2777 876 2843 addidisse
907 2779 1099 2867 Lycurgum
1122 2783 1337 2867 (quamquam

267 2884 355 2950 haud
391 2884 458 2948 scio
494 2907 535 2948 an
571 2883 632 2948 soli
668 2889 759 2949 casui
794 2885 856 2949 hoc
894 2886 1103 2952 tribuendum
1139 2888 1194 2969 sit)
1230 2887 1336 2971 §137

269 2993 430 3078 ἐνέγραψα
455 2993 574 3055 τοῦτο
600 2993 642 3064 εἰς
662 2995 719 3080 τὴν
737 2995 933 3077 εἰσαγγελίαν
955 2996 1253 3083 προδεδωκέναι
1279 2997 1337 3082 τὴν

269 3100 375 3164 εἰκόνα
399 3104 465 3172 κτλ.
490 3121 565 3164 nam
590 3099 781 3187 plerumque
805 3102 839 3166 in
855 3101 975 3166 talibus
999 3124 1063 3166 non
1080 3103 1237 3167 omittitur
1261 3103 1337 3167 arti-

270 3205 373 3290 culus,
399 3229 596 3294 quamquam
619 3229 661 3271 ne
685 3211 851 3274 contraria
869 3205 1000 3295 quidem
1025 3209 1178 3295 exempla
1202 3209 1336 3296 desunt:

271 3295 636 3395 cf.Rehdantz,Den1.
663 3315 731 3382 ind.
756 3316 800 3380 Π.
826 3339 850 3382 s.
876 3339 906 3381 v.
936 3318 1068 3404 ᾖοολίο.α

360 3419 467 3484 Rarus
501 3419 614 3506 utique
646 3422 704 3486 sed
737 3445 832 3508 quem
856 3424 1017 3488 immerito
1052 3424 1226 3488 reiecerint
1261 3445 1338 3487 non-

270 3525 352 3589 nulli
376 3534 425 3590 est
448 3525 629 3594 infinitivus
654 3531 818 3616 ὑπορεῖναι
843 3531 898 3614 (cf.
923 3553 954 3616 p.
979 3533 1077 3614 55)§
1107 3531 1149 3596 90
1179 3531 1213 3594 in
1246 3530 1338 3594 libris

271 3631 402 3716 optimis
425 3632 582 3699 traditus:
607 3638 813 3725 ἐπεχείρησεν
838 3640 1016 3718 εἰπεῖν....,
1049 3639 1091 3709 ὡς
1118 3647 1176 3702 οὐκ
1198 3642 1237 3701 ἄν
1261 3661 1339 3702 ποτε

272 3741 483 3826 ὑπομεῖναι
508 3744 564 3834 τον
588 3747 697 3826 ἀγῶνα
730 3745 853 3809 τοῦτον.
896 3767 991 3831 quem
1014 3744 1211 3808 infinitivum
1235 3744 1340 3808 teneri

271 3868 367 3931 posse
391 3845 510 3911 docent
534 3848 684 3933 exempla
708 3848 920 3914 aKuehnero
946 3851 1049 3934 §550
1072 3851 1148 3916 adn.
1174 3852 1194 3916 3
1218 3850 1338 3915 adlata.

272 3951 360 4036 apud
386 3962 529 4018 oratores
553 3955 634 4020 haec
657 3955 785 4021 inveni:
810 3955 888 4044 Lys.
914 3958 972 4044 IV,
1000 3958 1048 4024 18.
1074 3959 1171 4041 Xlll,
1196 3959 1227 4023 9.
1252 3959 1338 4022 leae.

364 4165 384 4231 1λ
404 4165 476 4220 scite
496 4167 530 4220 de
551 4168 605 4222 hae
624 4187 654 4223 re
674 4172 837 4239 nuperrime
863 4173 923 4242 egit
942 4171 1071 4226 Birklein
1093 4173 1340 4244 „Entwieklungs-

274 4253 441 4322 geschichte
461 4256 512 4310 des
532 4257 673 4333 substant.
694 4257 794 4312 Infin.“
822 4259 985 4332 Wiirzhurg
1005 4259 1082 4315 1888.
1103 4261 1270 4333 („Beitrage
1290 4281 1340 4317 zur

271 4342 370 4398 histor.
391 4342 500 4416 Syntax
520 4346 546 4402 d.
566 4346 673 4418 griech.
692 4345 785 4421 Spr.“)
805 4348 846 4419 M.
862 4347 983 4420 Schanz,
1002 4349 1073 4405 Heft
1085 4351 1150 4408 Vll.
1173 4351 1222 4406 Bd.
1243 4351 1299 4421 Ill,
1315 4353 1338 4408 1.
