3120 4930
774 455 905 528 --14
954 437 991 508 ,ζ

344 657 474 744 saepius
498 657 586 744 apud
602 664 714 742 poetas
732 655 833 740 (velut
847 654 1004 742 Aeschyl.
1023 655 1185 720 Prometh.
1207 655 1280 720 782.
1298 653 1412 742 Eurip.

344 765 462 831 Electr.
488 767 539 831 61.
565 765 646 829 Hec.
674 764 781 847 1211).
1434 765 1435 768 ’

433 872 598 959 Sequitur,
622 879 667 954 ut,
693 893 757 957 quo
781 870 886 955 magis
910 881 1119 956 perspectam
1142 871 1321 943 habeamus
1346 871 1412 959 Ly-

345 980 444 1063 curgi,
465 978 733 1042 consuetudinem
766 977 908 1056 dicendi,
940 999 1076 1062 agamus
1110 978 1150 1042 de
1184 979 1414 1043 coniunctione

344 1107 673 1175 synonymorum,
699 1083 817 1171 quibus
832 1093 863 1150 et
875 1084 955 1170 ipsis
968 1085 1068 1149 efficit
1081 1093 1198 1176 orator,
1215 1095 1251 1150 ut
1266 1085 1417 1150 ubertate

346 1195 520 1259 verborum
544 1191 725 1256 sentcntiae
748 1191 878 1276 pondus
897 1200 1025 1274 augeat.
1073 1192 1106 1255 in
1124 1191 1241 1278 quibus
1259 1192 1415 1258 adhiben-

346 1291 396 1364 dis
420 1299 596 1386 Lycurgus
620 1307 656 1362 ut
701 1299 879 1364 Isocratem
903 1298 1037 1384 eiusque
1066 1320 1168 1382 genus
1193 1299 1280 1386 quod
1296 1306 1416 1364 vocant

345 1403 637 1470 demonstrativum
662 1405 765 1486 (γένος
784 1405 1003 1483 ἐπιδεικτικὸν)
1021 1404 1179 1468 aemulari
1202 1405 1333 1470 videtur
1357 1405 1414 1488 (cf.

346 1510 461 1595 Riese,
486 1510 517 1576 d.
552 1518 607 1574 att.
632 1510 741 1588 Bdokt
770 1511 834 1593 HI,
858 1513 888 1578 2.
906 1533 938 1595 p.
963 1511 1050 1594 102),
1075 1510 1121 1576 ita
1144 1510 1276 1575 modum
1301 1511 1416 1596 magia,

350 1640 447 1704 quam
470 1616 534 1700 ille,
570 1617 683 1682 tenuit.
739 1618 902 1682 Isocrates
927 1617 1013 1681 enim
1037 1617 1119 1681 adeo
1156 1617 1298 1683 cumulat
1321 1640 1416 1706 syno-
1476 1603 1480 1608 ⁵

349 1747 459 1812 nyma,
499 1732 535 1788 ut
567 1723 725 1788 sermonis
757 1724 900 1809 dignitas
934 1725 1096 1812 vigorque
1130 1725 1236 1808 magis
1269 1724 1418 1789 imminui

349 1853 447 1918 quam
478 1831 593 1915 augeri
625 1829 720 1896 nobis
754 1831 886 1918 quidem
919 1831 1081 1896 videatur.
1143 1831 1296 1917 exempla
1329 1832 1418 1918 apud

350 1937 544 2027 Lycurgum
566 1937 648 2002 haec
671 1939 740 2002 fere
764 1937 891 2021 collegi.

432 2044 474 2131 ἓξ
498 2045 529 2127 2,
563 2043 624 2109 143
656 2045 729 2116 τοὺς
766 2045 842 2116 νεώς
878 2047 927 2109 καὶ
951 2043 1002 2110 ’τά
1038 2043 1094 2134 ἕδη
1126 2045 1175 2109 καί
1211 2048 1250 2108 τὰ
1286 2045 1415 2134 τεμένη,

344 2156 364 2232 ξ
390 2150 453 2218 150
478 2151 550 2222 τούς
575 2150 653 2221 νεώς
677 2151 726 2214 καί
752 2153 790 2215 τά
815 2153 893 2238 ἱερά,
919 2153 976 2234 §2
1001 2155 1049 2237 τῷ
1074 2151 1167 2239 δήμῳ
1189 2152 1237 2215 καί
1256 2156 1295 2239 τῇ
1312 2153 1419 2230 πόλει,

343 2261 363 2340 ξ
392 2257 452 2321 145
478 2259 534 2321 τόν
558 2259 661 2344 δῆμον
691 2258 740 2320 καὶ
762 2258 889 2343 opud),
914 2263 933 2341 ξ
957 2258 1000 2323 43
1031 2261 1089 2345 την
1121 2263 1176 2344 τῆς
1219 2259 1340 2332 πόλεως
1365 2260 1414 2323 καί

345 2365 402 2428 τού
427 2364 531 2452 δήμου
556 2365 731 2451 σωτηρίαν,
761 2372 780 2446 ξ
805 2365 848 2426 30
872 2365 1066 2452 προφάσεων
1092 2365 1124 2452 (ἢ
1149 2366 1267 2447 λόγων)
1293 2365 1312 2452 ἦ
1337 2365 1412 2453 σκη’-

344 2478 440 2552 φειυς,
481 2475 501 2550 ξ
539 2471 602 2534 100
639 2471 880 2557 μεγαλοψυχίαν
925 2473 974 2535 καί
1014 2472 1233 2559 γενναιότητα,
1267 2471 1329 2554 frg.
1371 2471 1413 2536 75

344 2577 497 2666 αἰσχύνης
523 2579 570 2642 καί
596 2579 747 2662 ὀνείδους,
784 2619 826 2628 -
862 2584 882 2662 ξ
906 2579 949 2643 25
974 2581 1023 2644 ἐπὶ
1048 2580 1211 2668 ξένηςκαί
1236 2581 1413 2668 ἀλλοτρίας,

345 2690 365 2768 ξ
389 2686 429 2750 91
455 2685 584 2755 ἀκλεοῦς
601 2685 650 2748 καί
674 2686 803 2764 ἀδόξου,
820 2690 840 2768 ξς
858 2685 921 2749 120
937 2687 1048 2771 όμοίας
1072 2688 1121 2751 καί
1145 2687 1344 2758 ἀκολούθους
1375 2689 1413 2750 ἀλ

346 2790 460 2879 λη’λοις,
506 2827 550 2840 --
594 2796 613 2873 ξ
665 2791 725 2855 127
772 2792 868 2878 όμοια
911 2792 1039 2864 ἐκείνοις
1078 2794 1127 2858 καὶ
1165 2795 1330 2858 ἀκόλουθα
1372 2831 1409 2842 -

346 2903 365 2980 ξ
395 2897 455 2960 148
480 2898 590 2985 ὀρθῶς
614 2898 664 2961 καί
689 2899 826 2977 δικαίως,
843 2937 879 2946 -
904 2904 923 2981 ξ
948 2898 969 2962 2
992 2901 1228 2989 ἀπαραιτήτους
1252 2898 1412 2978 δικαστάς,

343 3005 388 3091 μη
401 3003 600 3091 παρέχοντας
613 3004 807 3092 συγγνώμην
825 3005 879 3087 (cf.
899 3027 931 3090 p.
951 3006 992 3070 13
1008 3005 1111 3091 adu),
1128 3011 1148 3088 ὅ
1164 3006 1184 3070 3
1209 3005 1412 3093 διαφυλάττει

345 3110 394 3174 καί
412 3109 571 3188 διασώζει,
589 3114 608 3192 ξ
628 3109 691 3173 150
707 3109 930 3198 διαφυλάττειν
948 3113 997 3176 καὶ
1014 3113 1139 3192 σώζειν,
1152 3112 1172 3199 §
1186 3111 1225 3175 18
1240 3112 1413 3199 καταχθείς

345 3217 387 3301 (εἰ
403 3216 499 3280 modo
515 3215 722 3280 retinendum
740 3221 801 3299 est)
819 3219 869 3282 καὶ
886 3220 1086 3306 ἀφικόμενος,
1100 3225 1120 3302 ξ
1133 3219 1176 3282 25
1192 3223 1410 3307 ἀγανακτῆσαι

346 3324 394 3388 καί
418 3327 552 3411 μισῆσαι
569 3327 588 3406 ξ
602 3323 645 3388 29
662 3323 802 3412 ἐλέγχειν
827 3323 876 3388 καί
896 3327 1089 3410 βασανίζειν,
1102 3329 1119 3410 ξ
1134 3325 1175 3390 74
1193 3328 1346 3391 ἐπαινεῖτε
1363 3326 1412 3389 καί

346 3436 456 3517 τιμᾶτε
468 3437 499 3494 et
508 3428 606 3514 paulo
618 3429 703 3494 infra
713 3432 773 3497 ούτ
784 3431 913 3496 ’ἔδεισεν
926 3433 992 3497 ούτ’
1005 3432 1196 3521 ᾐσχύνθηξ
1210 3432 1415 3520 10οἀποβλέ-

345 3538 535 3608 corrosuri
562 3539 778 3625 θεωροῦντας,
809 3543 828 3620 ξ
861 3538 920 3602 141
960 3541 993 3602 έν
1028 3540 1209 3626 ὀφθαλμοῖς
1244 3539 1333 3610 ὄντες
1363 3541 1412 3603 καί

344 3643 551 3731 ὁρτόμενοι,ξ
579 3643 639 3708 141
665 3645 813 3732 δεήσεται
838 3646 886 3708 καί
915 3643 1076 3724 ἱκετεύσει,
1100 3651 1120 3726 ξ
1147 3646 1206 3710 147
1233 3648 1271 3710 τό
1296 3647 1410 3733 τεμένη

318 3736 325 3808 ,ί
347 3749 520 3835 τέμνεσθαι
537 3751 586 3813 καί
605 3751 677 3821 τούς
695 3751 772 3822 νεώς
788 3752 1080 3831 κατασκάπτεσθαι,
1098 3751 1160 3837 frg.
1176 3752 1217 3818 75
1233 3753 1411 3840 ἡγουμένου

346 3857 395 3919 καὶ
412 3859 673 3944 στρατηγοῦντος
690 3865 722 3919 et
732 3855 855 3920 ibidem
873 3859 993 3945 ζῆνκαὶ
1011 3861 1047 3922 τό
1063 3860 1119 3922 τού
1139 3858 1227 3946 ἡλίου
1240 3865 1307 3946 φώς
1320 3861 1409 3947 όράν.

435 3962 500 4028 Sed
524 3971 573 4027 est
595 3964 727 4028 tertium
748 3963 924 4050 quoddam,
942 3986 1005 4050 quc
1021 3965 1124 4030 maior
1140 3965 1252 4030 evadit
1269 3965 1410 4030 verbosi-

346 4126 559 4134 ——--——-—-

436 4211 456 4280 1)
477 4209 513 4265 cf.
541 4209 690 4264 Demosth.
718 4211 798 4276 XXI,
817 4211 877 4266 134.
902 4211 982 4282 XIX,
1003 4211 1062 4269 132.
1102 4211 1237 4268 Aeschin.
1257 4211 1280 4282 Ι,
1302 4213 1324 4266 1.
1362 4211 1410 4266 Di-

346 4301 443 4355 narch.
462 4299 485 4368 1,
505 4298 547 4354 99.
612 4340 613 4345 η
