3120 4930
606 523 828 586 „57-

171 716 235 800 VI,
262 719 312 784 10.
338 717 393 804 (cf.
419 715 587 779 Foertsch.
613 715 791 808 observati.
816 715 849 778 in
874 714 953 803 Lys.
979 737 1010 800 p.
1037 715 1088 786 79,
1128 715 1245 780 Schoe-

172 845 286 888 mann.
311 822 353 886 ad
376 824 460 888 lsae.
485 844 517 908 p.
543 822 636 908 327).
684 821 844 886 coaluisse
878 821 1033 886 videntur
1067 822 1099 886 in
1125 822 1245 888 talibus

175 931 263 995 duae
279 915 482 994 structurae:
507 932 671 1009 elusim,
689 920 731 1000 ὥς
750 939 807 994 ουκ
822 931 860 994 riu
879 930 1023 1017 ὑπέμεινε
1040 938 1071 992 ot
1088 933 1200 996 εἰπεῖν.
1211 985 1217 997 .
1228 983 1245 1014 .,

174 1046 235 1102 ουκ
258 1039 297 1101 άν
322 1037 495 1122 ὑπομεῖναι.
537 1035 579 1100 ad
612 1035 703 1100 cuius
734 1035 797 1100 loci
830 1035 1079 1101 similitudinem
1103 1037 1246 1124 aliquam

172 1143 306 1208 accedit
340 1149 359 1228 ξ
382 1143 426 1208 96
457 1146 580 1226 λέγεται
605 1145 664 1231 γὰρ
691 1146 747 1207 τὸν
772 1145 871 1212 τόπον
897 1147 1015 1208 ἐκεῖνον
1040 1149 1246 1233 περιρρεῦσαι

175 1255 214 1316 τὸ
240 1255 302 1339 πῦρ
327 1253 376 1316 καὶ
400 1253 549 1339 σωθῆναι
574 1251 707 1322 τούτους
730 1251 858 1337 μόνους,
883 1252 934 1338 ἀρ’
960 1253 1005 1314 ὥν
1039 1253 1088 1316 καὶ
1121 1254 1158 1316 τὸ
1184 1274 1246 1340 χιο-

173 1359 249 1447 ,olon
266 1361 312 1423 ἔτι
328 1360 377 1423 καὶ
395 1360 451 1422 νῦν
475 1358 869 1447 προσαγορεύεσθαι
887 1365 951 1422 τῶν
968 1361 1109 1445 εὐσεβῶν
1126 1366 1245 1448 χῶρον.

175 1488 252 1530 nam
287 1465 383 1530 huius
419 1487 547 1551 quoque
583 1487 660 1532 usus
693 1465 853 1530 rationem
884 1465 931 1528 sic
962 1465 1115 1530 facillime
1148 1488 1246 1551 expe-

177 1573 314 1658 diemus,
347 1580 382 1636 ut
417 1571 498 1636 duas
534 1580 714 1637 structuras
751 1572 965 1636 coniunctas..
976 1594 1046 1637 esse
1082 1572 1246 1638 dicamus:

176 1680 230 1768 ἀρ’
254 1678 633 1768 ὠν...προσαγο,οεάεται
668 1688 699 1743 et
734 1681 783 1744 καὶ
815 1683 877 1744 ἀπὸ
903 1679 1246 1768 τούτων...προσαγο-

176 1786 341 1874 ρεύεσθαι.
367 1795 443 1870 apte
460 1786 674 1850 conferuntur
697 1786 794 1870 §100
820 1786 994 1876 ἡγούμενος
1018 1789 1185 1852 κάλλιστον
1208 1789 1246 1850 clu

178 1893 587 1980 γενέσθαι...παράθειγμα
613 1897 666 1965 τὰς
691 1895 818 1958 ἐκείνων
843 1895 980 1981 πράξεις,
1016 1897 1095 1982 πρὸς
1118 1895 1154 1966 ἃς
1171 1899 1247 1958 ἀπο·

176 2000 351 2084 βλέποντας
375 2001 424 2064 καὶ
451 2002 656 2088 θεωροῦντας
681 2002 994 2086 συνεθίζεσθαι,
1021 2011 1053 2065 et
1077 2002 1245 2068 Demosthss
1302 2067 1303 2072 ,

177 2105 312 2188 XXIII,
331 2107 404 2171 193.
429 2105 537 2192 XLV,
564 2109 613 2172 10.
635 2146 669 2156 -
690 2107 835 2172 notabile
859 2117 906 2172 est
929 2109 1137 2194 frequentare
1161 2110 1248 2174 hunc

177 2233 273 2276 usum
296 2211 450 2277 Latinam
474 2212 631 2297 linguam.

268 2319 388 2384 Activa
411 2319 565 2385 infinitivi
589 2321 694 2386 forma
717 2343 776 2406 pro
801 2321 934 2407 passiva
957 2322 1064 2407 posita
1089 2331 1138 2388 est
1160 2329 1180 2407 ξ
1204 2324 1247 2388 43

179 2429 216 2490 τὸ
241 2432 335 2514 σῶμα
358 2429 585 2515 παρασχέσθαι
610 2429 742 2507 τάξαι,
776 2427 864 2515 quod
888 2429 1027 2492 recurrit
1051 2434 1092 2513 ἐξ
1113 2429 1167 2514 57,
1194 2431 1246 2514 78,

180 2532 243 2597 147
269 2533 362 2620 (Lys.
386 2533 482 2618 XIV,
509 2535 538 2599 7.
562 2534 692 2619 ΧΧΧΙ,
718 2536 747 2600 9.
787 2537 888 2600 Isoor.
914 2535 1042 2619 XVIII,
1066 2537 1135 2622 47),
1161 2543 1180 2619 ξ
1205 2537 1246 2602 87

178 2642 290 2704 δοῦναι
314 2643 371 2705 τὸν
393 2641 526 2727 βασιλέα
551 2643 683 2722 θάψαι
708 2642 800 2730 (Lys.
817 2643 897 2728 XX,
916 2643 985 2730 27),
1000 2649 1019 2728 ξ
1037 2645 1079 2709 93
1103 2645 1248 2710 ἀπέδωκε

179 2747 346 2811 κολάσαι
382 2750 438 2812 τὸν
475 2749 587 2826 αἴτιον,
623 2755 643 2832 ξ
680 2749 742 2814 136
777 2751 921 2815 κατέλιπε
957 2752 1018 2838 (sc,
1044 2753 1102 2838 τὴν
1128 2753 1247 2834 εἰκόνα)

179 2853 453 2942 ἱεροσυλῆσαι
477 2857 527 2919 καὶ
551 2857 802 2923 αἰκίσασθαι
819 2858 948 2944 (contra
971 2863 991 2940 ξ
1011 2859 1073 2923 110
1090 2863 1246 2924 ταῦτα...

176 2961 441 3048 μνημονεύεσθαι
466 2962 558 3048 καλά)
583 2963 624 3026 cf.
650 2962 807 3027 Kuehner
831 2970 850 3046 ξ
875 2965 950 3047 473,
983 2963 1058 3030 adn.
1091 2965 1141 3032 14,
1166 2965 1247 3031 Mat-
1329 3015 1331 3020 -

178 3066 267 3132 thiae
291 3074 310 3150 §
335 3068 399 3132 532
424 3093 452 3134 a.
674 3095 675 3098 ¹
1024 3071 1027 3076 ’

580 3267 616 3322 n.
636 3267 848 3335 Partlclplum.

269 3389 321 3453 De
345 3387 529 3474 participiis
563 3389 842 3456 substantivorum
873 3391 947 3457 vice
979 3395 1192 3478 fungentibus
1216 3418 1248 3462 v.

178 3520 211 3582 p.
230 3496 298 3579 32).
323 3537 366 3544 -
391 3495 567 3560 admodum
591 3519 671 3562 rara
695 3497 850 3563 videntur
875 3521 944 3564 esse
968 3501 1049 3565 haec
1073 3502 1249 3587 participia

179 3624 239 3688 pro
264 3601 477 3666 substantivis
501 3614 678 3690 usurpata:
712 3611 731 3689 ξ
759 3607 798 3670 17
824 3609 877 3678 οὕς
901 3611 1013 3672 αὐτίκα
1037 3609 1249 3681 σώσοντας

181 3709 467 3775 ...,ἐπικαλέσειαι
485 3716 504 3794 ξ
519 3711 583 3776 143
601 3713 816 3778 ἐπικαλέσεται
834 3715 908 3786 τοὺς
926 3715 1006 3780 θεολ)
1027 3737 1039 3786 ς
1057 3716 1250 3789 σώσοντας

178 3817 279 3882 αὑτὸν
304 3821 369 3881 κτλ.
433 3878 437 3886 .

257 3923 322 3989 Ex
348 3925 525 3991 cottidiano
558 3950 619 3992 usu
643 3929 822 4016 repetenda
846 3928 983 3994 sunt'ea
1015 3931 1184 4018 exempla,
1216 3937 1249 3996 iu
1276 3951 1277 3954 ’

180 4032 299 4119 quibus
325 4032 411 4118 quod
443 4034 485 4098 ad
510 4036 704 4100 sententiam
729 4038 960 4122 gravissimum
985 4047 1121 4103 estnon
1145 4039 1247 4103 verbo

178 4139 281 4224 finito,
306 4140 364 4204 sed
388 4141 563 4228 participio
588 4144 781 4228 continetur,
807 4145 934 4230 velut§
956 4149 1016 4212 127
1035 4147 1247 4236 ἐψηφισμένοι

180 4250 271 4322 ἔξιτε,
297 4248 403 4312 rarius
427 4272 505 4313 vero
530 4259 579 4314 est
602 4251 664 4315 hoo
688 4251 837 4339 Lycurgi
861 4253 1064 4339 exemplum:
1099 4259 1119 4336 ξ
1145 4251 1186 4318 73
1210 4265 1248 4316 ου

180 4356 435 4446 τὸ.,.τ,οόπαιον
450 4357 734 4450 ἀγαπήσαντες
751 4363 946 4455 έστρσαν,
962 4383 1021 4452 pro
1039 4363 1075 4424 τὸ
1095 4361 1249 4448 τρόπαιον
