3120 4930
566 901 764 1054 PARS
814 903 1091 1028 PRIMA.

630 1069 681 1138 De
706 1071 802 1158 oopia
825 1070 1018 1140 verborum.

385 1263 482 1345 Quod
513 1263 556 1328 ad
590 1264 766 1328 verborum
797 1265 926 1350 copiam
958 1267 1082 1351 attinet,
1116 1267 1256 1352 primum
1286 1269 1365 1332 satis

297 1369 398 1436 multa
421 1370 534 1457 verba,
552 1394 636 1458 quae
652 1371 729 1437 solis
745 1373 849 1458 poetis
866 1373 970 1438 solent
986 1395 1142 1438 oonoossa
1166 1396 1246 1459 esse,
1276 1375 1365 1461 apud

297 1479 382 1544 huno
406 1485 567 1544 oratorem
591 1479 812 1564 inveniuntur,
844 1481 965 1567 quippe
996 1503 1092 1567 quem
1125 1481 1225 1546 altam
1249 1489 1281 1545 et
1304 1482 1364 1547 sol-

296 1581 433 1650 lemnem
465 1585 644 1650 orationem
677 1609 804 1652 amasse
835 1587 900 1652 iam
929 1596 1056 1652 veteres
1087 1587 1327 1654 adnotaverint.
1341 1591 1363 1670 ¹)

296 1691 415 1756 deinde
439 1715 546 1778 pauoa
569 1693 654 1767 ἅπαξ
676 1695 830 1780 λεγόμενα
849 1717 933 1780 quae
950 1694 1102 1760 dicuntur
1120 1695 1208 1780 apud
1225 1696 1364 1761 eundem

297 1799 391 1864 nobis
416 1809 602 1886 occurrunt,
627 1807 659 1864 et
681 1802 844 1886 permulta
868 1803 971 1868 verba
994 1825 1062 1867 non
1086 1802 1143 1867 illa
1167 1803 1299 1889 quidem
1323 1825 1364 1866 ex

296 1914 466 1990 poetarum
489 1927 550 1970 usu
573 1915 712 1993 sumpta,
736 1908 794 1973 sed
819 1931 903 1994 quae
926 1918 982 1974 aut
1006 1931 1026 1972 a
1050 1910 1214 1974 communi
1236 1909 1360 1974 Attioo-

295 2035 368 2078 rum
391 2014 624 2079 oonsuetudine
654 2016 784 2080 omnino
815 2015 1013 2081 abhorreant
1041 2026 1097 2082 aut
1121 2027 1209 2082 oerte
1233 2017 1363 2102 saepius

297 2117 495 2208 aLyourgo
529 2143 627 2206 quam
657 2122 699 2186 ab
730 2121 802 2188 aliis
833 2123 1075 2209 praecipueque
1105 2122 1147 2188 ab
1180 2123 1363 2188 oratoribus

297 2225 487 2313 aequalibus
511 2227 731 2294 Demosthene
754 2229 917 2294 Aeschine
940 2229 1112 2318 Hyperide
1135 2229 1363 2314 adhibeantur,

297 2335 343 2400 ita
365 2347 403 2400 ut
425 2334 545 2400 indolis
568 2335 637 2400 eius
662 2345 694 2400 et
717 2336 884 2402 scribendi
907 2337 1037 2422 generis
1061 2337 1130 2401 fere
1148 2338 1283 2422 propria
1300 2337 1365 2403 sint

297 2443 452 2529 putanda.
501 2442 644 2530 denique
677 2467 716 2509 ea
748 2467 877 2531 quoque
909 2451 1022 2509 notatu
1046 2444 1147 2528 digna
1171 2453 1255 2530 sunt,
1281 2466 1364 2531 quae

298 2551 362 2616 alia
386 2550 626 2634 significatione
649 2574 669 2615 a
692 2551 848 2639 Lycurgo
873 2573 971 2637 quam
987 2575 1006 2616 a
1022 2551 1139 2616 ceteris
1156 2559 1364 2637 usurpantur.

357 2724 359 2730 ,
386 2657 568 2723 Exordium
592 2657 692 2744 igitur
715 2681 879 2724 sumamus
904 2683 924 2724 a
947 2658 1155 2742 poeticis,

386 2765 524 2854 ἀκλεής
549 2771 568 2848 ξ
593 2765 632 2830 91
660 2768 731 2849 (τοῦ
756 2767 886 2836 ἀκλεοῦς
910 2765 959 2829 καὶ
983 2765 1103 2840 ἀδόξου
1128 2765 1297 2850 θανάτου).

389 2874 559 2962 εὐκλεής
592 2873 679 2956 §49
711 2875 835 2961 (εὐκλεᾶ
860 2872 1031 2958 θάνατον),
1066 2872 1148 2954 §91
1176 2875 1233 2936 τὸν
1257 2878 1366 2938 εὐκλεᾶ

298 2983 467 3062 κίνδυνον).
928 3055 929 3058 ¹

271 3084 273 3088 ’
388 3089 560 3152 εὔκλεια
584 3093 604 3169 ξ
621 3085 662 3150 82
688 3087 855 3175 (περιορᾶν
875 3088 932 3173 την
948 3087 1057 3173 κοινὴν
1074 3087 1124 3150 καὶ
1139 3089 1221 3170 μετὰ
1238 3090 1364 3151 πολλῶν

298 3197 406 3262 πόνων
430 3194 673 3283 συνειλεγμένην
695 3195 876 3259 εὔκλειαν..
893 3244 899 3259 .
914 3193 1162 3279 καταλυομένην)
1180 3191 1223 3257 ad
1239 3201 1365 3256 senten-

301 3303 378 3367 tiam
403 3303 443 3366 of.
467 3307 487 3385 5
513 3301 576 3364 110
596 3303 651 3388 τὴν
669 3303 704 3375 ἐξ
718 3301 857 3372 ἅπαντας
876 3302 931 3364 τοῦ
949 3302 1063 3370 αἰῶνος
1079 3301 1366 3388 συνηθροισμένην

301 3435 340 3498 τη
363 3411 451 3474 πόλει
475 3409 572 3484 δόξαν
596 3407 820 3498 κατῄσχυνεέ)

390 3516 563 3580 κτείνειν
587 3521 606 3598 ξ
632 3515 693 3580 127
719 3536 778 3600 pro
802 3514 1008 3580 ἀποκτείνειν.

390 3711 411 3780 ¹)
430 3712 550 3782 Dionys.
569 3710 664 3766 Halia.
684 3711 702 3764 l.
722 3727 746 3764 o.
782 3709 916 3780 Hermog.
936 3709 954 3762 l.
969 3727 992 3762 e.
1012 3708 1207 3782 τροπικώτεροι
1225 3711 1280 3784 γάρ
1294 3710 1368 3764 εἰσιν

300 3805 328 3855 οἱ
345 3803 420 3871 λόγοι
438 3803 546 3872 μᾶλλον
565 3799 654 3855 αὐτοῦ.

389 3890 410 3958 ²)
431 3890 467 3944 ef.
487 3890 574 3944 Isoor.
593 3889 643 3955 VI,
663 3889 715 3942 109
734 3887 844 3941 κάλλιόν
864 3885 941 3940 ἔστιν
954 3885 1020 3940 ἀντὶ
1033 3889 1139 3958 θνητοῖ
1156 3887 1283 3958 σώματος
1298 3886 1370 3940 ἀθά-

301 3996 383 4034 νατον
411 3981 494 4042 δόξαν
522 3979 811 4038 ἀντικαταλλάξασθαι
829 3975 875 4028 καὶ
900 3978 1002 4047 ψυχῆς,
1023 3974 1058 4048 ἢν
1077 3975 1126 4042 οὐχ
1147 3975 1248 4048 ἕξομεν
1267 3976 1369 4044 ὀλίγον

301 4068 387 4134 ἐτῶν,
407 4073 545 4144 πρίασθαι
558 4071 687 4140 τοιαύτην
706 4063 838 4134 εὔκλειαν,
858 4063 876 4136 ἢ
895 4067 988 4118 πάντα
1003 4065 1051 4118 τὸν
1065 4067 1153 4118 αἰῶνα
1173 4069 1231 4118 τοῖς
1245 4063 1274 4124 ἒξ
1285 4061 1370 4136 ἡμῶν

301 4163 463 4232 γινομένοις
477 4165 642 4233 παραμενεῖ.
674 4159 720 4211 hio
734 4174 791 4210 non
804 4155 895 4210 solum
908 4155 1040 4208 altiorem
1054 4172 1153 4208 sonum
1166 4154 1368 4225 poeticumque

302 4250 426 4304 colorem
438 4249 563 4304 adsumit
576 4249 676 4312 oratio,
691 4247 741 4300 sed
755 4245 843 4300 etiam
856 4245 993 4301 varietati
1008 4239 1258 4313 (δόξαν-εὔκλειαν)
1273 4244 1372 4298 studet

303 4348 406 4398 orator.
