3120 4930
514 483 844 580 ,ηο-

183 679 256 771 ipsa
280 706 409 772 quoque
435 707 508 750 cum
533 684 671 750 articulo
697 685 875 750 coniuncta
907 691 1079 771 sequatur:
1110 688 1129 766 ξ
1156 686 1195 750 17
1223 683 1259 750 τὸ

184 794 272 880 ἱερὸν
296 793 366 855 τοῦ
392 794 462 864 Διὸς
492 794 561 856 τοῦ
579 794 732 880 Σωτῆρος
757 793 805 856 καὶ
831 795 899 878 τῆς
915 793 1045 880 Ἀθηνᾶς
1063 795 1129 878 τῆς
1146 793 1261 856 Σωτεί-

182 923 252 988 ρας,
281 905 301 982 ξ
331 901 389 964 136
424 901 457 963 ἐν
482 903 529 986 τῷ
554 903 623 964 τοῦ
653 901 723 972 Διὸς
759 902 825 964 τοῦ
859 901 1011 987 Σωτῆρος
1047 897 1118 981 (sed
1151 903 1171 981 ξ
1198 898 1258 962 137

184 1008 257 1079 Διὸς
281 1009 458 1096 Σωτῆρος),
485 1012 505 1088 ξ
530 1007 571 1071 87
597 1009 666 1070 τοῦ
683 1004 857 1094 Ἱππάρχου
882 1009 950 1070 τοῦ
967 1006 1141 1093 προδότου,
1158 1010 1178 1088 ξ
1198 1007 1258 1071 137

189 1118 238 1200 τῷ
263 1114 458 1201 Κλεομάντει
490 1118 537 1201 τῷ
564 1116 687 1202 Δελρᾳῖ
737 1136 813 1178 nam
831 1135 872 1178 ex
888 1113 1102 1198 plurimorum
1126 1109 1259 1177 consue-

183 1220 300 1286 tudine
326 1230 482 1307 expectas
499 1223 569 1293 Διὸς
587 1224 643 1285 τοῦ
660 1223 814 1310 Σωτῆρος
838 1228 899 1285 etc.
914 1225 949 1303 (v
973 1218 1131 1284 Matthiae
1148 1219 1257 1302 ξ274,

182 1326 343 1393 Kuehner
373 1335 393 1412 ἓ
422 1329 488 1393 462
512 1327 613 1411 adm).
648 1333 793 1393 attamen
819 1326 907 1413 apud
931 1326 1012 1391 alios
1036 1347 1165 1412 quoque
1189 1341 1258 1391 or'a-

182 1443 270 1500 tores
295 1435 431 1500 deorum
455 1435 686 1522 hominumque
704 1442 854 1500 uotorum
877 1433 1011 1500 uomina
1028 1455 1101 1498 cum
1118 1431 1256 1498 articulo

184 1543 360 1608 coniuncta
375 1541 574 1628 oppositioni
590 1541 756 1627 praemitti
769 1539 934 1606 docebunt
945 1537 1114 1604 Demosth.
1126 1538 1256 1619 XVIII,

184 1649 251 1716 253
276 1651 332 1714 τὸν
357 1650 412 1714 Δία
437 1653 494 1716 τὸν
518 1651 710 1714 Δοδωναῖον·
743 1647 889 1732 XXXV,
913 1647 966 1712 40.
991 1646 1143 1714 Aeschin.
1168 1647 1194 1730 I,
1214 1647 1257 1711 55

180 1759 227 1844 ρὰ
258 1759 315 1822 τὸν
344 1757 400 1821 Δία
432 1758 489 1821 τὸν
517 1754 690 1844 Ὀλύμπιον·
738 1756 821 1822 Isae.
851 1753 1029 1840 X1,·30o
1057 1753 1208 1818 Γλαύκων
1239 1754 1256 1816 ὁ

182 1865 241 1928 τοῦ
264 1861 382 1946 Ἁγνίου
405 1864 551 1950 ἀδελφός,
576 1883 713 1948 quorum
731 1860 955 1946 exemplorum
979 1881 1132 1924 uumerus
1157 1858 1257 1924 facile

182 1971 300 2054 augeri
324 1977 440 2056 potest.
1199 1985 1202 1990 ·

272 2077 425 2165 Denique
448 2099 736 2145 commemoramus
753 2099 819 2142 non
836 2075 979 2162 positum
995 2095 1065 2138 esse
1081 2072 1258 2138 articulum

181 2194 257 2252 aute
270 2185 472 2272 appellativa
484 2185 691 2272 propriorum
703 2187 869 2250 nominum
882 2183 955 2247 vioe
972 2180 1158 2265 fungentis:
1176 2181 1195 2267 ἓ
1212 2181 1255 2248 96

183 2298 249 2358 τῶν
273 2297 516 2379 (exspectamus
549 2295 605 2357 τὸν
637 2295 715 2374 τῶν)
742 2293 884 2377 εὐσεβῶν
913 2295 1033 2378 χῶρον,
1058 2289 1097 2372 §5
1127 2287 1186 2352 117
1220 2295 1252 2352 ct

185 2400 247 2466 118
277 2403 314 2476 ἐξ
342 2402 557 2488 ἀκροπόλεως,
589 2398 677 2485 quod
707 2380 825 2463 nomen
858 2417 957 2481 saepe
988 2399 1078 2458 caret
1112 2392 1250 2458 articulo

182 2507 280 2589 (Isae.
305 2506 347 2592 V,
371 2508 424 2572 42.
448 2507 550 2572 Isoor.
567 2505 696 2586 XVIII,
717 2505 767 2570 18.
785 2503 837 2568 20.
856 2503 909 2568 34.
926 2499 1093 2566 Demosth.
1118 2499 1179 2586 IX,
1196 2500 1250 2566 41.

181 2612 335 2678 Aesohin.
359 2614 404 2697 II,
431 2613 503 2678 174.
531 2612 603 2678 175.
617 2651 660 2662 -
684 2615 725 2677 cf.
743 2609 854 2676 Bremi
877 2631 949 2674 exc.
967 2606 1024 2674 IV.
1042 2606 1063 2672 l.
1081 2607 1124 2695 c.)
1140 2629 1247 2694 neque

182 2727 291 2784 tamen
324 2741 454 2805 semper
484 2742 521 2784 eo
558 2718 749 2784 destitutum
773 2729 821 2783 est
844 2715 932 2802 apud
957 2721 1101 2780 oratores
1124 2712 1254 2778 Atticos

185 2825 303 2914 (Isocr.
334 2825 375 2910 V,
402 2827 475 2892 146.
511 2826 608 2911 VIII,
632 2827 685 2891 47.
712 2825 784 2893 126.
821 2821 897 2908 XV,
927 2822 1001 2888 234.
1033 2820 1107 2886 237.
1133 2820 1201 2885 319
1223 2829 1255 2884 et

187 2931 391 2998 Leocrateae
414 2933 517 3020 ipsius
542 2934 561 3020 ξ
588 2933 654 3017 17),
680 2931 736 3018 qui
761 2929 892 3017 quidem
915 2927 1036 2993 talibus
1059 2925 1254 3010 nominibus,

183 3041 338 3126 quoniam
362 3061 414 3105 res
438 3039 636 3126 significant,
661 3061 745 3125 quae
770 3035 869 3102 semel
885 3043 1011 3101 tantum
1026 3032 1249 3112 inveniuntur,

183 3146 338 3212 videntur
362 3147 486 3213 addere
508 3145 683 3213 'articulum
707 3145 821 3229 solere,
851 3144 878 3208 si
902 3143 943 3209 ab
968 3141 1040 3207 aliis
1065 3141 1251 3206 discernere

185 3252 298 3318 volunt
323 3255 427 3338 (velut
450 3260 470 3338 ξ
497 3255 535 3320 17
561 3255 636 3320 οὔτε
661 3239 734 3324 τοὺς
760 3251 945 3340 λιρένος...,
960 3249 1035 3314 οὔτε
1054 3249 1091 3312 τὰ
1108 3249 1254 3342 τείχη..)

182 3362 258 3426 οὔτε
283 3361 342 3448 τῆν
365 3362 563 3451 ἀκρόπολιν),
588 3361 638 3426 sin
660 3359 778 3445 minus,
804 3357 961 3424 omittere.

272 3467 430 3534 Videmus
470 3469 582 3554 igitur,
612 3467 700 3555 quod
734 3467 776 3532 ad
807 3463 980 3532 articulum
1013 3470 1088 3528 ante
1121 3461 1253 3526 uomina

183 3574 318 3662 propria
332 3573 474 3661 positum
488 3574 613 3659 attinet,
630 3573 823 3662 Lycurgum
839 3593 956 3658 parum
979 3568 1043 3635 sibi
1060 3567 1252 3634 constitisse.

271 3681 358 3748 Ante
380 3683 568 3770 genetivum
594 3680 783 3768 posterioris
813 3679 952 3744 duorum
976 3675 1252 3742 substantivorum

184 3787 357 3854 articulum
380 3789 499 3876 prioris
523 3811 586 3856 non
611 3787 730 3874 repetit
753 3786 929 3876 Lycurgus
940 3786 962 3867 ¹)
980 3782 1100 3868 (velutz
1118 3787 1138 3866 ξ
1158 3784 1172 3847 1
1193 3783 1252 3870 τῆν

274 4076 362 4145 ¹)va
381 4076 470 4147 igitur
490 4080 569 4130 recte
596 4074 728 4128 fecerunt
748 4073 775 4127 oi
803 4071 895 4138 (velut
914 4069 1087 4124 TurIcenses
1107 4068 1252 4136 editores),

184 4165 233 4236 qui
253 4165 427 4220 auctoritate
445 4164 616 4236 optimorum
634 4161 773 4217 librorum
800 4164 966 4230 contempta
993 4159 1106 4214 codices
1125 4157 1252 4211 Lauren-

183 4254 292 4309 tIauum
310 4253 359 4322 (B)
382 4263 413 4307 et
430 4252 687 4308 Vratislaviensem
706 4251 799 4306 secuti
823 4250 1000 4320 scripserunt
1020 4247 1035 4317 ξ
1055 4248 1089 4301 84
1108 4244 1155 4302 τὸν
1174 4254 1250 4316 βασι·

183 4344 231 4396 λέν
251 4341 299 4396 τόν
316 4340 480 4414 Ἀθηναίων
500 4343 563 4413 (pro
584 4343 639 4394 τῶν
654 4339 836 4412 Ἀθηναίων).

1034 4424 1072 4475 2*
1089 4465 1094 4476 .
