3120 4930
743 491 966 564 ..ra-

690 710 736 798 2.)
760 733 841 777 cum
866 709 1006 778 dativo

316 835 401 924 παμιί
433 834 465 898 in
500 834 870 922 circumscriptionibus,
904 836 965 902 atsi
997 835 1117 919 rarius,
1154 835 1382 920 coniungitur:

317 941 405 1006 velut
432 963 610 1028 pronomen
640 941 860 1027 possessivum
889 939 1168 1007 circumscribitur
1199 947 1219 1027 ξ
1252 943 1296 1007 80
1326 943 1383 1007 τὸν

316 1049 399 1137 παρ’
434 1051 506 1136 ὑμῖν
540 1050 725 1136 εἰθισμένον
759 1049 879 1138 ὅμκον,·
912 1071 971 1136 per
1003 1048 1227 1135 pleonasmum
1263 1049 1383 1114 dieitur

315 1161 332 1243 ξ
360 1157 418 1220 141
446 1159 503 1221 τοῦ
527 1160 633 1222 κοινοῦ
658 1159 764 1244 παρὰ
788 1162 883 1222 πᾶσιν
907 1157 1006 1222 ἐλέοο.

404 1261 570 1328 Averbis
603 1263 744 1349 passivis
777 1262 900 1348 pendet
932 1264 1018 1351 παρά
1041 1286 1069 1328 o.
1096 1263 1161 1328 dat.
1188 1268 1207 1344 ξ
1231 1264 1251 1328 3
1275 1264 1368 1350 φιλάν

316 1375 452 1460 δμωπον
484 1379 542 1458 (sc.
569 1371 651 1456 darc)
683 1372 762 1436 αὐτὸ
795 1394 844 1435 πα
853 1371 903 1458 poi
936 1377 1001 1442 τοῖς
1025 1375 1151 1442 πολλοῖς
1176 1372 1380 1458 ὑπειλῆφθαι.

315 1477 394 1562 §12
419 1480 577 1544 τοσοῦτον
601 1477 744 1566 διαφέρει
769 1484 826 1559 (sc.
847 1478 882 1541 τὸ
908 1479 942 1540 ἐν
964 1477 1068 1564 Ἀρείῳ
1092 1477 1184 1563 πάγῳ
1203 1477 1381 1564 συνέδριον)

318 1592 381 1649 τῶν
406 1589 509 1650 ἄλλων
533 1587 760 1673 δικαστηρίων,
784 1585 869 1649 ὥστε
894 1587 943 1649 καί
967 1585 1052 1672 παρ’
1077 1591 1185 1656 αὐτοῖς
1220 1585 1383 1671 ὁμολογεῖ·

315 1695 395 1759 σδαι
412 1698 477 1763 τοῖς
500 1691 718 1778 ἁλισκομένοις
742 1692 863 1756 δικαίαν
887 1694 1050 1758 ποιεῖσθαι
1067 1693 1125 1778 τὴν
1142 1692 1255 1780 κμίσιν.
1295 1699 1315 1773 ξ
1339 1691 1383 1754 54

315 1800 399 1886 ἃδὴ
436 1799 653 1881 κατέγνωσται
684 1798 743 1885 μέν
776 1800 879 1886 παμὰ
914 1808 962 1885 τῷ
998 1799 1189 1884 δικαιοτάτῳ
1213 1798 1381 1885 σονεδμίῳ,

315 1907 551 1996 κατεψήφισται
575 1907 610 1970 δὲ
634 1906 686 1992 ὑφ’
710 1906 799 1992 ὑμῶν
825 1911 889 1969 τῶν
913 1906 1050 1982 δικάζειν
1067 1905 1243 1994 λαχόντων,
1268 1906 1381 1991 δμολο·

315 2019 415 2096 peirac
447 2013 482 2076 δὲ
515 2015 619 2098 παρὰ
653 2015 700 2098 τῷ
733 2013 826 2101 δήμιμ
850 2015 914 2076 κτλ,
940 2017 960 2089 ξ
987 2013 1050 2075 110
1074 2013 1257 2098 νομίζοντες
1281 2015 1383 2076 ἐκεῖνα

313 2121 373 2206 μὲν
396 2120 503 2204 παρὰ
536 2126 601 2190 τοῖς
625 2119 785 2205 πολεμίοις
809 2121 996 2205 εὐδοκιμεῖν,
1031 2131 1139 2206 τταμα
1171 2118 1274 2205 δ’ὑμῖν
1296 2119 1378 2183 ιλναί·

315 2229 401 2292 δειαν
418 2225 483 2290 καί.
499 2226 634 2290 ,δειλίαν
651 2227 816 2313 κεκμῖσδαι
832 2227 1008 2290 κάλλιστον.
1034 2223 1185 2310 exempla
1201 2233 1383 2290 ceterorum

315 2333 522 2398 contulerunt
555 2333 723 2398 Maetzner
756 2341 788 2396 et
820 2330 991 2396 Rehdantz
1024 2330 1067 2396 ad
1100 2331 1130 2396 h.
1155 2330 1191 2414 1.,
1225 2329 1382 2396 Kuohner

315 2440 425 2525 §440
458 2463 487 2524 a,
521 2439 564 2524 ΙΙ,
589 2440 620 2523 2,
646 2461 685 2524 ο,
719 2437 785 2526 qui,
823 2437 918 2525 quale
954 2437 996 2502 sit
1029 2437 1171 2503 notionis
1206 2436 1382 2502 discrimen

313 2547 399 2611 inter
428 2549 512 2635 παμιλ
546 2569 573 2612 e.
609 2545 674 2610 dat.
711 2555 742 2610 et
775 2546 835 2611 ὑπὸ
870 2567 897 2610 c.
923 2545 1020 2630 'gen.‚
1058 2545 1191 2630 egregie
1227 2545 1380 2632 exponi13

314 2653 510 2741 Bernhardy
533 2677 565 2739 p.
590 2653 665 2718 νοτ.
1085 2659 1095 2664 ’
1256 2637 1260 2645 ’

403 2759 488 2826 Satis
513 2758 721 2844 singulariter
746 2757 869 2822 dictum
894 2779 965 2822 esse
981 2757 1113 2823 videtur
1135 2757 1233 2842 §146
1257 2760 1296 2824 τὰ
1320 2751 1393 2847 κὰμ

313 2866 509 2956 ἀδικήματα,
549 2865 607 2940 ἕως
638 2869 699 2954 μὲν
730 2869 769 2931 δν
801 2866 819 2954 ἦ
849 2869 980 2954 ἇκμιτα,
1005 2868 1107 2954 παρὰ
1132 2873 1197 2940 τοῖς
1225 2868 1382 2955 πράξασίν

314 2978 402 3039 ἐστιν
425 2972 534 3059 (apud
552 2983 700 3039 auctores
717 2973 886 3060 manent'),
912 2975 1039 3039 ἐπειδὰν
1063 2976 1098 3039 δὲ
1128 2975 1228 3062 κμίσις
1246 2974 1375 3064 γένηται

314 3083 419 3170 παρὰ
444 3087 509 3153 τοῖς
532 3083 576 3168 μὴ
601 3081 728 3154 δικαίως
753 3083 990 3156 ἐπεξελθοῦσιν.

748 3223 790 3297 3.)
816 3245 843 3288 c.
869 3243 947 3287 aco.

402 3353 422 3431 ξ
447 3347 489 3412 63
513 3348 556 3419 ὡς
580 3350 673 3413 οὐδὲν
697 3351 737 3412 δν
760 3348 843 3436 unp*
875 3345 930 3412 ἕνα
952 3349 1131 3435 ἄνδμωττον
1155 3348 1280 3429 ἐγένετο
1307 3347 1373 3412 τοδε

315 3478 398 3520 των.·
422 3453 675 3542 Bernhardyum
700 3476 834 3538 errasse,
860 3476 934 3517 oum
958 3453 1056 3517 vertit
1079 3455 1150 3542 παρ’
1173 3453 1228 3520 ἕνα
1261 3453 1376 3538 „weni-

315 3582 375 3646 ger
401 3564 438 3624 l“
464 3560 574 3650 (Synt.
592 3583 623 3646 p.
641 3561 731 3647 258),
756 3560 821 3624 iam
845 3560 1012 3625 Maetzner
1036 3560 1079 3625 ad
1102 3559 1133 3628 h.
1158 3559 1179 3628 1.
1202 3559 1381 3626 adnotavit.

313 3667 411 3732 immo
445 3667 527 3732 haec
562 3677 611 3732 est
644 3666 804 3732 sententia
833 3665 962 3731 illorum
995 3665 1171 3732 verborum
1193 3665 1267 3732 ‘non
1291 3666 1377 3747 steti,

314 3795 487 3860 perunum
504 3773 677 3838 hominem‘
705 3775 780 3860 „aut
803 3773 927 3837 einen
952 3773 1130 3838 Mensohen
1146 3773 1224 3838 kam
1241 3795 1276 3838 es
1291 3772 1383 3838 nicht

313 3883 386 3946 an.“
412 3904 518 3968 neque
542 3881 637 3946 aliter
661 3880 874 3946 iudicandum
898 3902 968 3945 esse
992 3880 1123 3945 videtur
1155 3879 1196 3944 de
1220 3881 1263 3952 os
1286 3883 1382 3946 οὐδὲν

314 3989 480 4078 γεγένηται
515 3991 601 4078 παμιλ
636 3991 769 4067 τοῦτον,
808 4010 892 4075 quac
926 3987 1032 4052 verba
1066 3987 1099 4052 in
1135 3987 1199 4052 fine
1235 3986 1381 4052 eiusdem

313 4095 514 4181 paragraphi
538 4095 704 4181 leguntur3
738 4093 856 4182 quibus
889 4093 931 4159 ab
956 4093 1115 4180 exemplis
1140 4093 1295 4159 differunt
1319 4116 1380 4159 nec

315 4211 423 4268 tamen
447 4225 580 4290 prorsus
610 4202 781 4267 dissimilia
813 4210 888 4267 sunt
915 4208 935 4286 ξ
959 4202 1001 4266 64
1034 4204 1134 4290 παρὰ
1159 4205 1275 4266 τοῦτον
1299 4205 1377 4268 εἶναι

314 4309 436 4399 (penes
460 4333 533 4379 eum
566 4314 657 4394 esse')
677 4315 730 4400 τῇ
760 4312 848 4377 πόλει
873 4312 931 4400 τὴν
955 4311 1135 4398 σωτηρίαν,
1168 4315 1188 4392 ᾗ
1212 4309 1255 4374 66
1279 4309 1310 4376 εί
1333 4333 1376 4384 τις
