3120 4930
739 491 964 566 ...66-

312 705 409 786 patur
431 698 540 786 μετά.
588 697 768 782 composita
790 705 901 763 autem
928 696 985 762 illa
1008 697 1112 762 verba
1135 705 1191 762 aut
1215 720 1288 764 cum
1312 695 1381 764 solo

314 804 436 890 dativo,
461 802 551 868 velut
567 804 642 886 §25
660 807 760 869 ταῦτα
776 826 820 870 sc.
840 805 878 868 τὰ
896 804 978 892 ἱεροί.
990 855 995 868 .
1007 803 1255 892 ..συμφεύγειν
1272 807 1382 892 abrec*

315 913 465 1000 ἠξίωσεν,
500 912 589 996 §50
621 911 801 1002 συνετάφη
837 917 919 984 τοῖς
953 911 1078 977 τούτων
1101 913 1247 999 σώμασιν
1275 914 1292 1003 ἡ
1318 920 1382 978 τῶν

313 1023 417 1084 ἄλλων
440 1013 593 1110 Ἑλλήνων
618 1020 794 1107 ἐλευθερία,
820 1024 840 1102 ξ
867 1020 929 1082 144
960 1025 1024 1083 τῶν
1058 1019 1216 1092 ἑαυτοῖς
1244 1043 1383 1107 συμπα-

312 1111 553 1214 ραταξαμένων,
577 1135 633 1191 aut
656 1148 731 1191 cum
752 1125 844 1213 μετά,
868 1125 957 1190 velut
980 1126 1072 1208 §131
1102 1130 1384 1216 συνατυχοῦντες

314 1236 415 1319 μετὰ
451 1241 515 1298 τῶν
548 1238 651 1299 ἄλλων
684 1237 825 1298 πολιτῶν
857 1233 915 1320 (ολ.
939 1232 1136 1319 Trentcpohl
1159 1231 1180 1300 l.
1205 1255 1233 1298 c.
1258 1255 1289 1318 p.
1314 1234 1383 1317 32),

313 1341 413 1404 semel
437 1363 511 1422 cum
535 1343 613 1429 πρὸς
638 1381 679 1392 -
703 1347 723 1423 ξ
748 1340 790 1405 68
814 1342 911 1427 πρὸς
935 1342 972 1404 τό
997 1341 1165 1428 αἴσχιστον
1189 1342 1383 1428 συμβαλεῖν

315 1481 356 1496 2—
381 1447 633 1531 coniunguntur.

386 1643 417 1698 0.
452 1644 497 1700 lte
516 1643 791 1713 praeposttioutbns
810 1657 876 1698 cnm
895 1643 960 1698 solo
977 1644 1114 1710 genetivo
1134 1643 1311 1699 coniunctis.

809 1767 884 1831 ἀπό

315 1876 347 1939 in
383 1874 672 1941 circumlocutione
700 1873 799 1938 semel
829 1872 1052 1938 ¹tantummodo
1087 1873 1269 1938 invenitur:
1297 1879 1316 1956 ξ
1342 1874 1384 1940 79

316 1985 374 2071 τὴν
397 1983 448 2048 ἀπ’
472 1989 579 2048 αὐτῶν
604 1983 758 2070 τιμωρίαν
783 2003 842 2066 pro
866 1979 1034 2045 usitatiore
1064 1981 1150 2068 παρά
1183 1983 1224 2064 (ν.
1249 2002 1282 2066 p.
1308 1981 1383 2066 ta).

314 2089 382 2153 Ubi
411 2088 452 2152 de
482 2089 584 2173 stirpe
618 2097 650 2152 et
680 2087 807 2171 origine
845 2087 970 2171 agitur,
1009 2085 1099 2149 velut
1129 2088 1146 2170 ἓ
1183 2085 1262 2153 105:
1302 2085 1384 2150 Leo·

315 2205 445 2262 crateae
469 2203 534 2268 τοῖς
557 2199 617 2283 αρ’
644 2193 837 2283 Ἡρακλέους
873 2194 1109 2283 γεγενημένοις,
1142 2194 1384 2279 praepositione

314 2307 376 2368 ιλιτό
401 2325 459 2390 pro
485 2306 518 2367 ἐκ
534 2302 656 2390 primus
673 2302 836 2368 Isocrates
853 2323 929 2366 usus
947 2323 1017 2366 csse
1037 2300 1177 2365 videtur.
1214 2300 1254 2367 cf.
1277 2300 1383 2367 Jsocr.

315 2409 355 2487 V,
381 2411 422 2476 33
448 2418 512 2483 τοῖς
537 2410 593 2476 ἀπ’
619 2411 748 2475 ἐκείνου·
763 2411 938 2492 γεγονόσιν·
986 2407 1155 2474 Demosth.
1180 2406 1259 2492 XX,
1286 2408 1326 2473 18
1351 2416 1383 2473 et

317 2519 370 2584 29.
406 2518 564 2584 Dinarch.
591 2519 618 2602 Ι,
643 2518 695 2582 63.
720 2557 764 2566 -
788 2541 819 2582 v.
844 2517 927 2582 Lutz
951 2516 972 2582 I.
998 2539 1025 2581 o.
1051 2515 1111 2580 sub
1135 2538 1285 2602 praepos.
1310 2517 1383 2581 ἀπό.

407 2625 516 2691 Causa
539 2625 705 2689 indicatur
733 2631 752 2708 ξ
777 2626 819 2692 96
850 2627 1033 2707 λέγεται...
1065 2626 1214 2711 σωθῆναι
1250 2622 1384 2694 τούτους

314 2735 442 2821 μόνους,
474 2736 528 2819 ἀρ’
560 2723 608 2796 ’ὦν
632 2734 681 2798 καί
711 2736 747 2796 τό
771 2733 958 2820 χωρίον...
987 2730 1289 2820 προσαγορεύεσθαι
1318 2737 1383 2796 τῶν

316 2843 460 2926 εὐσεβῶν
484 2845 603 2928 χῶρον.

785 2949 840 3029 ἐκ,
866 2948 908 3020 ἐξ

315 3075 413 3138 saepe
436 3062 573 3139 usurpat
587 3053 763 3141 Lycurgus
779 3053 812 3116 in
830 3040 1183 3132 circumlocationibuS,
1207 3049 1298 3114 velut
1322 3055 1341 3132 ξ
1362 3051 1385 3114 4

316 3167 381 3229 τοῖς
398 3164 437 3225 ἐκ
456 3166 520 3224 τῶν
538 3162 647 3247 νόμων
664 3161 839 3246 ἐπιτιμίοις,
851 3181 915 3246 qua
931 3157 1093 3222 locutione
1109 3155 1270 3240 subtilius,
1287 3177 1384 3243 quam

315 3268 343 3332 si
368 3267 531 3332 diceretur
555 3273 620 3338 τοῖς
644 3268 789 3353 νομίμοις
821 3265 994 3352 ἐπιτιμίοις,
1028 3263 1224 3330 denotantur
1247 3285 1383 3349 poenae,

317 3397 401 3461 quae
426 3374 665 3461 quodammodo
690 3395 707 3437 e
732 3373 859 3458 legibus
883 3371 1047 3458 prodeunt
1071 3371 1181 3458 itaque
1205 3370 1248 3436 ad
1272 3393 1384 3436 earum

316 3504 464 3547 normam
489 3481 699 3566 deriguntur3
724 3481 744 3568 ᾗ
769 3481 789 3546 8
813 3486 985 3563 αναγκαῖον
1009 3483 1043 3544 ἐκ
1067 3485 1131 3544 τῶν
1156 3481 1266 3567 νόμων
1290 3479 1383 3543 ἐπιτί-

315 3615 399 3678 μιον,
424 3595 444 3674 ξ
474 3591 517 3655 34
545 3594 600 3678 τῆς
632 3592 671 3653 ἐκ
705 3595 770 3654 τῶν
800 3591 908 3676 νόμων
939 3588 1101 3677 τιμωρίας.
1149 3587 1190 3655 cf.
1215 3585 1383 3652 Demosth.

315 3697 410 3762 XIX.
437 3698 479 3764 IO
504 3699 562 3784 τὴν
587 3700 626 3761 ἐκ
651 3699 707 3761 τοῦ
733 3697 833 3783 νόμου
858 3697 992 3786 ταυτηνί
1015 3717 1058 3760 sc.
1089 3697 1148 3782 τὴν
1181 3693 1272 3783 ἀράν.
1303 3690 1385 3756 ibid.

315 3805 377 3872 281
415 3806 474 3893 τὴν
507 3808 545 3868 ἐκ
574 3811 639 3868 τῶν
672 3808 780 3890 νόμιον
811 3804 920 3891 δίκην,
950 3801 1079 3886 XVIII,
1106 3803 1156 3866 13.
1186 3799 1290 3884 XXI,
1322 3798 1384 3864 166

319 3911 469 3976 Aeschin.
492 3911 555 3994 ΙΙΙ,
584 3911 646 3975 lto
671 3913 725 3982 τὰς
750 3913 789 3973 ἐκ
814 3915 879 3972 τῶν
904 3909 1012 3996 νόμων
1038 3908 1159 3995 ζημίας.

403 4017 578 4082 Mutationi
593 4025 696 4084 status
713 4014 951 4100 significandae
967 4015 1115 4078 serviunt
1127 4013 1384 4101 praepositiones

317 4127 349 4188 ἐκ
373 4134 404 4187 ct
428 4125 496 4192 ἐπί·
543 4131 562 4208 ξ
587 4127 629 4190 60
653 4128 686 4188 ἐκ
710 4125 768 4210 μὲν
793 4124 850 4187 τοῦ
875 4127 976 4193 κακῶς
1006 4120 1159 4208 πράττειν
1194 4123 1249 4192 τὰς
1279 4121 1384 4192 πόλεις

315 4234 495 4319 μεταβολῆς
513 4239 620 4321 τυχεῖν
638 4233 701 4296 ἐπί
728 4232 763 4294 τό
780 4231 908 4316 βέλτιον
926 4229 1007 4300 εἰκός
1024 4230 1120 4291 ἐστιν.
1140 4225 1231 4290 deest
1247 4225 1385 4291 alterum

316 4339 495 4404 membrum
520 4340 616 4425 paulo
640 4337 743 4406 infra:
791 4341 830 4401 ἐκ
852 4338 911 4423 μὲν
936 4338 992 4400 τοῦ
1022 4338 1203 4400 παντάπασι
1232 4333 1384 4417 γενέσθαι
