3120 4930
763 447 983 518 ..18-

425 645 476 714 De
500 647 637 714 artioulo
661 647 704 713 ad
727 648 860 714 nomina
874 647 1008 734 propria
1028 646 1188 732 adposito,
1213 646 1270 734 qui
1293 644 1405 734 proxi-

338 778 390 820 me
413 755 572 822 aecedere
596 753 639 820 ad
662 755 808 821 nativam
832 756 997 822 notionem
1021 753 1309 820 demonstrativam
1324 753 1407 818 mihi

339 847 480 947 videtur,
504 862 586 927 haec
609 862 799 928 adnotanda
810 871 907 948 puto:
926 861 1051 928 nomini
1066 861 1124 945 rei,
1140 861 1162 932 i.
1179 885 1207 932 e,
1224 861 1407 946 Leocratis‚

339 971 373 1035 in
397 971 543 1036 oratione
567 981 679 1037 nostra
702 995 785 1036 non
808 971 975 1056 praefixus
999 980 1049 1036 est
1072 969 1230 1036 articulus
1253 969 1316 1034 nisi
1339 991 1408 1034 uno

340 1077 411 1143 looo
436 1084 471 1163 (ξ
495 1079 561 1162 32),
586 1101 794 1165 quamquam,
819 1079 898 1165 quin
914 1078 1010 1144 huius
1025 1077 1175 1164 hominis,
1201 1077 1241 1142 de
1258 1099 1322 1164 quo
1338 1084 1409 1142 tota

341 1193 389 1250 est
413 1185 527 1269 oratio,
555 1207 673 1250 nomen
689 1186 788 1250 fuerit
803 1195 925 1269 notum,
944 1184 1088 1250 dubitari
1104 1185 1218 1272 nequit
1233 1187 1279 1273 (v.
1297 1181 1409 1248 Kueh-

341 1316 399 1358 ner
422 1293 524 1377 §462
541 1303 573 1358 et
589 1293 691 1377 adn).
717 1293 805 1380 quod
833 1315 871 1358 eo
896 1293 1001 1378 magis
1018 1301 1125 1378 potest
1148 1292 1266 1358 mirum
1288 1291 1409 1377 videri,

342 1401 421 1488 quia
443 1400 516 1465 aliis
540 1399 726 1466 nominibus
758 1400 910 1486 propriis,
943 1399 1001 1466 ubi
1033 1399 1133 1476 semel
1156 1407 1411 1465 commemorata

342 1517 427 1594 sunt,
450 1508 634 1595 praefigere
657 1507 739 1573 solet
762 1507 938 1596 Lyeurgus
966 1508 1156 1573 articulum:
1190 1513 1210 1590 ς
1233 1508 1276 1572 23
1300 1485 1410 1596 (piae-

343 1616 480 1682 oedente
503 1616 633 1680 nomine
649 1615 795 1703 Ἀμύντας
811 1620 830 1698 ξ)
847 1615 903 1698 22)
921 1617 938 1680 ὁ
954 1615 1101 1703 Ἀμύντας
1117 1626 1150 1680 et
1166 1619 1213 1703 τῷ
1229 1613 1362 1705 Ἀμύντᾳ
1378 1621 1413 1678 et

343 1724 461 1788 iterum
490 1724 508 1786 ὁ
538 1723 585 1802 Ἀ.,
616 1727 635 1805 ξ
666 1724 709 1787 23
742 1721 973 1808 (praecedente
1005 1722 1191 1804 nominat
1220 1723 1413 1810 Τιμοχάρης,

344 1835 364 1912 ξ
391 1831 453 1896 112
478 1833 535 1894 τοῦ
577 1831 748 1918 Φρυνίχου.
796 1851 993 1916 quamquam
1020 1851 1084 1895 non
1115 1828 1212 1915 plane
1244 1827 1307 1892 sibi
1336 1849 1413 1892 oon-

345 1945 431 2002 stare
455 1936 645 2024 Lycurgum
671 1936 767 2001 dooet
791 1941 811 2020 ξ
835 1937 878 2000 23
903 1936 950 2021 (in
966 1931 1044 2020 line)
1067 1935 1226 2024 Ἀμύντου.
1255 1973 1297 1984 -
1323 1933 1414 1998 idem

345 2043 559 2109 iudicandum
583 2051 632 2107 est
655 2043 696 2107 de
720 2065 768 2128 eo,
795 2043 882 2130 quod
899 2049 919 2127 ξ
936 2045 971 2108 21
994 2043 1116 2128 legitur
1139 2046 1181 2115 εἰς
1206 2045 1277 2130 τὴν
1298 2042 1414 2107 ‘Ptoou

346 2161 378 2215 et
402 2153 436 2238 ἐι
461 2155 529 2239 τῆς
552 2148 744 2235 Ῥύύαν,εα(1
768 2156 788 2234 5
815 2151 855 2214 14
872 2151 996 2235 et518
1021 2153 1064 2224 εἰς
1086 2149 1297 2232 Porlov,§62
1314 2151 1414 2214 τούτο

345 2260 404 2348 μὲν
428 2259 499 2346 τὴν
527 2259 639 2347 Τροίαν
666 2309 735 2337 ...,
769 2259 865 2322 ταῦτα
890 2259 927 2322 δὲ
949 2259 1131 2348 Μεσσήνην.
1158 2297 1199 2308 -
1224 2255 1313 2343 quod
1337 2263 1415 2320 unte

350 2365 513 2454 ΙΙειμαιεύς
547 2364 644 2430 modo
679 2364 820 2430 adioitur
852 2364 1008 2430 articulus
1042 2369 1097 2448 (ἓξ
1132 2363 1183 2448 18,
1213 2363 1280 2452 37),
1316 2362 1414 2427 modo

348 2472 505 2537 omittitur
528 2480 565 2560 (ᾗ
587 2473 655 2557 37),
679 2471 760 2537 haeo
785 2471 965 2537 eommunis
989 2471 1190 2538 Graecorum
1212 2469 1415 2536 consuetudo

350 2589 399 2646 est
423 2580 477 2662 (of.
496 2579 587 2670 'Lys
612 2579 692 2665 XII,
715 2579 759 2644 53
783 2581 826 2651 εἰς
850 2581 918 2644 τὸν
942 2579 1085 2666 Πειραιᾶ,
1109 2578 1167 2642 sed
1191 2577 1300 2664 paullo
1325 2577 1413 2642 infru

351 2690 384 2752 ἐκ
408 2687 574 2776 Πειραιῶς,
598 2697 631 2751 et
658 2686 702 2752 ib.
728 2691 770 2770 ἓξ
794 2687 847 2771 54,
872 2687 925 2770 51),
949 2687 1003 2771 56,
1027 2685 1070 2752 59
1094 2708 1123 2751 u.
1150 2685 1261 2750 Bromi
1283 2685 1318 2750 in
1342 2705 1414 2752 exo.

348 2794 406 2860 IV.
431 2793 474 2859 ad
497 2794 598 2860 Isoor.
623 2801 707 2878 part.
731 2794 757 2858 I.
781 2816 813 2878 p.
835 2792 926 2875 207).
942 2831 984 2841 —
1002 2791 1100 2857 etiam
1116 2792 1301 2858 nominibus
1314 2813 1416 2878 popu·

349 2901 453 2965 lorum
476 2899 572 2964 modo
596 2899 785 2986 praeposuit
809 2907 917 2965 orator
941 2898 1124 2985 articulum,
1159 2899 1254 2966 modo
1284 2902 1331 2987 (et
1353 2899 1417 2964 hoo

351 3007 482 3094 quidem
505 3007 627 3092 rarius)
650 3030 725 3073 non.
772 3006 934 3092 exempla,
965 3029 1049 3093 quae
1073 3007 1201 3093 collegi,
1226 3027 1418 3072 enumerare

351 3115 460 3179 omnia
483 3114 616 3198 longum
641 3121 698 3179 est.
723 3113 781 3179 sed
805 3136 868 3180 non
885 3113 999 3179 inutile
1015 3114 1076 3178 erit
1093 3113 1223 3180 adferre
1238 3114 1320 3178 haeo
1337 3120 1357 3197 ξ
1374 3115 1413 3180 61

353 3224 412 3288 ὑπὸ
438 3227 514 3288 τῶν
541 3220 711 3310 τριάκοντα
741 3223 790 3286 καὶ
821 3223 880 3288 ύπὸ
911 3223 1179 3309 Λακεδαιμονίων,
1208 3221 1295 3304 §84
1319 3222 1418 3286 Πελο·

352 3329 535 3418 ποννησὶοις
569 3329 755 3416 (γενομένης
788 3330 923 3421 αφομξας
947 3333 1039 3410 κτλ),
1063 3337 1176 3394 eontra
1199 3335 1220 3412 ξ
1244 3328 1287 3393 85
1304 3330 1418 3415 ἐμβαλ-

251 3481 253 3484 -
353 3437 457 3500 ὀντων
482 3440 559 3499 τῶν
576 3437 893 3524 ῙΙελοποννησὶων,ξ
913 3435 975 3500 108
991 3437 1029 3499 αἱ
1043 3436 1102 3522 μὲν
1119 3437 1179 3524 γὰρ
1203 3436 1419 3524 πμύγονοι...,

353 3542 593 3628 Λακεδαιμόνιοι
616 3543 712 3608 δὲ...
730 3551 874 3607 ueterum
891 3549 1065 3628 propterea
1080 3541 1142 3606 hoo
1158 3541 1420 3608 animadverten-

354 3649 432 3712 dum
455 3647 580 3733 putavi,
605 3648 693 3734 quod
717 3648 805 3734 apud
821 3649 1000 3712 Isocratem
1015 3648 1148 3713 nomina
1168 3648 1303 3734 propria
1317 3669 1421 3734 popu-

354 3754 458 3820 lorum
482 3753 786 3842 oppidanorumque
800 3755 914 3841 pauois
939 3755 1086 3840 exeeptis
1103 3753 1420 3844 (νθΙα1οἷἝλληνες,

355 3862 386 3925 oi
409 3859 529 3945 Ἴωνες)
554 3859 709 3926 destituta
732 3871 808 3926 sunt
831 3861 968 3926 articulo
993 3861 1048 3946 (of.
1073 3861 1194 3943 Bromi,
1213 3884 1284 3929 exo.
1300 3861 1359 3927 IV.
1376 3900 1422 3911 —

355 3969 393 4032 E.
410 3968 451 4032 H.
476 3967 590 4053 Haupt
613 3966 633 4035 l.
658 3990 686 4034 o.
711 3991 743 4053 p.
770 3970 787 4032 7
812 3990 838 4036 e.
863 3968 901 4054 f.)
930 4008 966 4020 -
992 3969 1078 4034 idem
1102 3969 1224 4034 aeoidit
1247 3970 1281 4034 in
1297 3967 1421 4057 Lysiae

357 4073 568 4153 orationibus,
593 4074 635 4139 of.
659 4074 765 4160 Perta,
791 4083 927 4162 quaestt.
952 4075 1013 4163 lys.
1038 4075 1064 4157 I,
1089 4074 1120 4140 6.

445 4180 576 4245 Deinde
600 4180 736 4266 dignum
761 4191 809 4246 est
832 4189 946 4246 notatu
969 4181 1131 4246 interdum
1155 4181 1244 4266 apud
1261 4189 1422 4246 oratorem

356 4287 480 4352 nomini
512 4288 646 4375 proprio
679 4287 847 4374 praemitti
880 4286 1062 4367 articulum,
1097 4288 1224 4353 etiamsi
1260 4287 1424 4374 appositio
