3120 4930
605 545 650 555 ..
695 503 826 571 83,-

180 701 298 789 quibus
318 701 477 788 exemplis
493 701 591 767 nixus
607 701 796 768 Maetznero
813 709 845 768 et
860 701 1064 768 Rehdantzio
1081 702 1248 770 adsentior

179 809 421 896 suspicantibus
439 810 537 902 etiam
553 810 587 874 in
606 808 717 875 verbis
741 817 761 894 ᾗ
781 810 822 874 14
844 811 1009 902 Ἐπιφανής
1026 837 1066 876 τε
1084 811 1143 900 γάρ
1161 814 1248 878 ἐστιν

179 920 231 984 διὰ
256 921 312 984 τόν
335 921 470 983 ἔκπλουν
489 921 551 982 τόν
576 921 618 990 εἰς
640 916 746 984 Ῥόδον
770 919 831 983 καί
857 919 917 1007 τὴν
940 921 1131 1004 ἀπαγγελίαν
1148 941 1247 984 vonu-

178 1025 245 1092 lam
269 1051 303 1090 τε
325 1026 494 1091 traiectam
520 1047 590 1092 esse
606 1049 627 1090 a
642 1025 847 1092 substantivo
865 1029 1008 1106 ἔκπλουν,
1034 1026 1110 1113 quia
1126 1048 1246 1112 oppon·

178 1143 278 1199 untur
302 1137 435 1230 ἔκπλουν
460 1144 491 1199 et
513 1135 716 1218 ἀπαγγελίαν,
740 1157 805 1199 που
830 1135 982 1224 ἔπιρανής
1006 1145 1037 1198 et
1058 1135 1249 1218 ἀπαγγελίαν
1342 1125 1348 1140 ’

180 1240 284 1328 (quod
308 1242 374 1306 iam
398 1241 482 1306 vidit
505 1241 666 1308 Matthiae
690 1247 710 1325 ξ
735 1241 799 1306 626
822 1263 854 1327 p.
882 1241 987 1327 1505).

267 1349 338 1437 μέν
362 1357 393 1412 et
417 1349 469 1414 δέ.
575 1401 578 1406 ,

268 1455 470 1522 Particulam
500 1457 536 1522 δέ
566 1479 631 1521 non
663 1455 880 1542 praecedente
903 1458 962 1543 μὲν
986 1454 1065 1541 poni
1089 1455 1131 1520 ad
1155 1455 1249 1521 indu-

181 1563 287 1628 cenda
308 1561 456 1628 membra
480 1562 635 1634 orationis
651 1562 782 1648 singula
805 1571 838 1628 et
853 1570 963 1648 portes
980 1571 1248 1650 argmentaque,

180 1692 237 1735 sen
261 1669 388 1735 minora
411 1679 487 1734 sunt
511 1691 569 1739 seu
598 1669 738 1755 maiore,
769 1677 882 1734 notum
912 1678 970 1733 est.
1005 1670 1048 1734 of.
1073 1673 1114 1753 ἐξ
1139 1669 1170 1754 3,
1197 1669 1249 1754 14,

183 1761 1247 1862 αυαααααααωα-ωψ

179 1886 202 1955 l.
227 1908 255 1949 o.
280 1907 312 1970 p.
342 1886 392 1952 10.
417 1883 608 1969 Ljungdahl
631 1883 651 1952 l.
677 1907 704 1950 o.
729 1905 761 1970 p.
786 1883 839 1950 30.
863 1922 908 1934 —-
930 1883 1057 1949 rariora
1078 1905 1158 1947 vero
1175 1892 1250 1946 sunt

179 1989 261 2056 haee
294 1991 432 2056 omissae
465 1985 647 2076 particulae
679 1994 737 2076 μὲν
772 1990 938 2077 exempla:
970 1991 1087 2075 fragm.
1122 1990 1165 2057 53
1190 1991 1250 2076 τὴν

182 2077 289 2164 τοίνυν
312 2099 533 2188 ἀρχαιοτάτην
558 2101 676 2165 θυσίαν
699 2101 751 2164 διό
775 2101 834 2186 τὴν
857 2101 975 2164 ἄνοδον
993 2102 1047 2185 της
1065 2099 1155 2176 θεοῦ,
1180 2099 1250 2162 όνο-

180 2209 363 2292 ρασθεῖσαν
387 2208 428 2271 δὲ
453 2205 719 2296 Προχαριστήρια
742 2207 794 2271 διὰ
818 2207 877 2293 την
892 2207 1071 2294 βλάστησιν
1088 2209 1153 2269 τῶν
1177 2227 1250 2292 καρ-

181 2319 250 2378 πῶν
274 2318 340 2378 τῶν
356 2313 535 2401 φυομένων.
561 2313 689 2396 fragm:
704 2311 746 2376 84
770 2314 819 2377 καί
839 2313 926 2402 ἡμεῖς
942 2313 1113 2394 Πυανόψια
1130 2311 1251 2401 ταύτην

184 2427 242 2512 την
266 2425 384 2512 ἓορτην
408 2426 574 2516 καλοῦμεν,
600 2425 630 2486 οἱ
653 2425 776 2488 δ’ἄλλοι
792 2419 938 2511 Ἕλληνες
961 2422 1120 2503 ΙΙανόόια.

273 2531 396 2596 Contra
419 2531 455 2596 δέ
478 2530 684 2594 desideratur
714 2535 733 2613 ξ
761 2531 800 2595 19
823 2534 988 2616 πρῶτον
1011 2530 1082 2615 μὲν
1105 2529 1160 2599 τὰς
1186 2531 1251 2592 τῶν

184 2639 336 2722 γειτόνων
360 2641 420 2724 (so.
435 2639 703 2726 ραρτυρίας)...,
728 2639 868 2702 ἔπειτα
892 2642 957 2701 τῶν
982 2636 1251 2724 παραγενομένων
1277 2638 1279 2644 ’

183 2735 356 2826 ελςῬοδον,
380 2752 399 2829 ξ
419 2748 480 2808 118
506 2745 557 2810 καί
579 2760 633 2832 pot
659 2747 736 2832 λαβὲ
760 2751 920 2833 πρῶτον
943 2745 1015 2831 ρὲν
1039 2744 1076 2808 τό
1100 2742 1252 2832 ψήφισμα

156 2853 255 2937 ,καθ’
280 2853 385 2931 ό....,
410 2855 549 2918 ἔπειτα
572 2857 628 2940 τῆς
652 2854 772 2942 στήλης
797 2855 834 2917 τό
859 2851 1085 2938 όππόγραρρα.
1114 2848 1148 2912 in
1172 2847 1251 2930 §66

182 2960 261 3045 (ἐγὼ
277 2961 336 3046 μὲν
349 2961 445 3047 οἶμαι
459 2961 589 3032 ’δικαίως
606 2964 681 3046 κτλ.)
708 2969 740 3024 et
763 2958 841 3042 §67
868 2958 945 3041 (ἐγὼ
961 2958 1019 3043 μὲν
1037 2957 1097 3044 γὰρ
1115 2956 1252 3044 ήγοῦραι

183 3071 263 3150 κτλ.)
288 3067 347 3154 μέν
371 3066 458 3131 idem
482 3066 663 3132 fere=valet
686 3075 784 3153 atquo
808 3090 853 3148 γε.

273 3177 412 3240 Perraro
442 3175 478 3240 δέ
508 3174 674 3240 invenitur
707 3173 739 3239 in
773 3171 997 3238 enuntiatione
1020 3169 1178 3256 primaria
1201 3169 1253 3254 (δέ

181 3282 404 3367 ιαποδοτικόν)
427 3281 607 3367 praemissa
630 3288 795 3346 structura
816 3277 1028 3366 participiali.
1054 3275 1142 3364 quod
1167 3275 1251 3340 aoei-

185 3388 233 3452 dit
266 3393 286 3470 ᾗ
322 3389 364 3454 99
397 3390 580 3478 χρήσαντος
618 3373 737 3475 δἀότῷ
778 3389 834 3452 τοῦ
874 3388 954 3453 θεοῦ
991 3387 1050 3473 την
1088 3383 1254 3470 θυγατέρα

185 3499 213 3561 εἰ
246 3495 357 3561 δόσειε
360 3546 438 3578 .....
450 3498 520 3561 όδὲ
551 3500 598 3584 τῷ
623 3498 693 3584 θεῷ
717 3496 908 3582 πειθόμενος
943 3493 1031 3557 τοῦτ’
1063 3493 1178 3580 ἔπραξε
1211 3489 1254 3578 (si

185 3602 317 3690 quidem
347 3625 445 3668 sanus
470 3615 518 3668 est
550 3603 604 3668 hio
639 3603 757 3690 loeus).
793 3603 833 3670 of.
870 3601 971 3667 Isoor.
995 3599 1071 3683 XV,
1107 3600 1146 3664 71
1179 3598 1253 3663 δέον

184 3711 300 3782 αὐτοὺς
326 3713 385 3800 την
411 3715 570 3801 φρόνησιν
588 3716 783 3789 δσκεῖν....,
807 3712 838 3774 οἷ
861 3711 902 3774 δὲ
925 3713 1035 3798 χεῖρον
1051 3705 1254 3773 παιδεύονται

187 3817 346 3903 (Xenoph.
382 3817 466 3882 Hell.
500 3816 563 3904 ΙΙΙ,
596 3819 627 3904 3,
654 3819 682 3883 7.
722 3817 785 3894 An.
810 3815 871 3902 VI,
895 3815 926 3894 6,
953 3817 1003 3880 16.
1030 3814 1113 3880 Plat.
1139 3813 1252 3902 Symp.

185 3926 261 4010 220,
289 3923 348 4010 b.).
373 3933 525 3990 accurate
550 3925 590 3989 de
620 3926 681 3992 hao
705 3923 839 3990 licentio
868 3923 936 4009 egit
958 3923 1111 4006 Hartnng
1136 3920 1158 3987 Ι.
1181 3942 1208 3986 ο.
1226 3919 1252 3984 Ι.

184 4055 216 4116 p.
247 4031 309 4097 183
337 4053 385 4119 sq.
415 4033 456 4102 of.
480 4032 635 4097 Kuehner
670 4031 780 4116 §533
813 4030 888 4095 adn.
914 4029 1090 4116 -paullo
1123 4027 1254 4114 saepius

186 4141 222 4204 δὲ
254 4139 386 4225 ponitur
418 4147 492 4225 post
531 4139 700 4205 enuntiata
737 4138 877 4205 relativa
914 4137 1030 4202 iterato
1062 4134 1254 4223 pronomine

187 4245 459 4314 demonstrativo:
498 4252 518 4332 ξ
554 4247 614 4312 127
646 4249 690 4334 ρη
731 4249 791 4335 γὰρ
824 4247 1017 4325 οἴεσθε....,
1049 4251 1114 4309 τῶν
1148 4243 1254 4331 όρκων

176 4354 236 4425 καί
260 4359 317 4443 τῆς
336 4355 482 4435 πίστεως,
507 4356 546 4448 ἦν
570 4355 680 4434 δόντες
704 4355 735 4422 ολ
763 4355 944 4448 πατέρες...
952 4358 1112 4442 μετεῖχον,
1138 4351 1254 4448 ταύτης

1060 4459 1093 4514 6*
