3120 4930
591 501 814 568 ,79-

162 698 266 764 adven
289 700 385 786 πρὸς
410 699 498 785 ὑμᾶς.
523 721 555 762 v.
580 697 796 765 Schoemaun.
821 697 874 765 ad.
899 697 983 762 Isae.
1008 720 1040 782 p.
1058 696 1133 761 244.
1154 697 1229 760 246.

162 805 318 870 Knehner
342 810 361 888 ξ
385 806 461 890 441,
485 805 547 890 ΠΙ,
574 807 602 870 1.
626 805 659 869 b.
691 843 735 853 -
770 802 914 888 adiungo
945 809 964 886 ξ
998 804 1059 868 102
1084 804 1230 877 ἐπίδειξιν

162 911 348 999 ποιούμενοι
371 914 467 1000 πρὸς
500 913 573 984 τοὺς
595 909 755 1000 Ἕλληνας,
787 917 806 994 ξ
838 911 902 976 109
931 909 1091 999 μαρτύρια
1120 915 1230 992 ‹inarc-

163 1020 329 1109 γραμμένα
345 1023 440 1108 πρὸς
457 1019 596 1090 ἅπαντας
615 1019 687 1100 τούς
704 1017 810 1107 “Erip
818 1041 864 1097 ας,
889 1023 908 1100 ξ
926 1019 968 1084 lb
991 1021 1091 1106 πρὸς
1108 1017 1231 1086 εἰδότας

161 1129 311 1206 διελθεῖν,
337 1133 356 1210 ξ
380 1127 424 1191 90
448 1131 515 1200 ἐρεῖ
536 1130 634 1214 πρὸς
659 1129 747 1215 ὑμᾶς,
773 1134 792 1210 ξ
813 1127 875 1191 146
898 1130 994 1216 πρὸς
1019 1129 1098 1214 ὑμᾶς
1122 1127 1230 1191 εἰπών.

164 1275 206 1284 -
231 1240 251 1318 ξ
277 1236 339 1302 140
357 1223 454 1322 ¹pelo
469 1237 678 1321 τιμεῖοδαι
695 1237 790 1309 πούς
814 1236 873 1322 τὴν
890 1235 980 1299 πύλιν
998 1233 1159 1322 (gloriam
1176 1255 1231 1298 ex-

163 1351 277 1426 petere
308 1341 397 1426 apud
427 1340 613 1428 civitatens,
645 1339 738 1406 ‘bene
776 1341 894 1406 mereri
924 1341 1055 1405 studere
1091 1340 1132 1405 de
1167 1343 1231 1423 c.').

163 1453 184 1532 ξ
210 1449 269 1514 101
297 1447 583 1536 καταισχύνειν
600 1449 699 1537 πρὸς
716 1450 794 1536 ὑμᾶς
812 1448 867 1534 (cf.
884 1447 1040 1516 Aeschin.
1054 1449 1081 1532 1,
1095 1447 1148 1512 54.
1164 1448 1232 1534 lo.)

254 1553 375 1621 Omitto
400 1555 476 1638 alia,
500 1555 591 1620 velut
616 1547 717 1639 §106
741 1558 837 1644 πρὸς
853 1557 1001 1644 ἀνδρείαν
1018 1555 1230 1638 παιδεύονται,

164 1661 250 1744 §82
284 1663 419 1744 δγαδιύν
450 1663 630 1749 γενομένων
660 1663 738 1749 πρὸς
771 1664 826 1726 τὸν
854 1661 999 1726 κίνδυνον
1029 1661 1086 1748 (de
1112 1683 1175 1748 quo
1200 1685 1232 1726 v.

163 1767 321 1834 Kuehner
344 1775 364 1852 ξ
386 1769 463 1855 441,
488 1770 550 1852 ΙΙΙ,
575 1769 606 1848 3,
631 1767 687 1853 d),
712 1778 748 1832 ut
771 1768 851 1832 nihil
876 1769 944 1832 fere
973 1769 1050 1832 novi
1074 1767 1233 1854 praeben-

164 1877 221 1962 tia,
246 1897 352 1963 neque
377 1885 435 1961 est,
459 1877 544 1964 quod
560 1875 715 1941 miremur
732 1875 829 1940 etiam
846 1874 931 1940 hane
947 1875 1232 1960 praepositionem,

165 2005 262 2070 quam
286 1983 416 2048 omnino
440 1984 629 2069 frequenter
653 1981 797 2060 adhibet,
829 1983 864 2046 in
888 1981 1233 2048 circumlocutionibus

165 2089 376 2154 multifariam
399 2111 560 2174 usurpare
582 2089 790 2178 Lycurgum:
815 2089 835 2176 ᾗ
859 2089 880 2153 6
904 2093 960 2178 τῆς
991 2093 1086 2177 πρὸς
1118 2090 1233 2161 αύτούς

143 2199 330 2286 διαφορᾶς,
366 2202 386 2281 ξ
418 2197 481 2262 130
511 2197 584 2269 τούς
615 2199 719 2286 πρὸς
750 2197 824 2268 τοὺς
856 2197 1024 2283 πολεμίους
1060 2197 1233 2275 κινδύνους,

165 2309 184 2386 ξ
211 2303 273 2368 135
298 2306 349 2369 διὰ
375 2304 433 2391 τὴν
456 2306 554 2392 πρὸς
578 2304 693 2376 δοτοὺς
717 2305 831 2392 φιλίαν.
1191 2311 1194 2319 ’

662 2413 744 2476 aab.

508 2521 551 2602 1.)
577 2541 663 2582 cum
687 2519 878 2602 genetivo

166 2645 231 2688 non
257 2623 466 2708 coniungitur
490 2624 552 2689 nisi
576 2632 650 2710 post
673 2624 775 2690 verba
798 2625 941 2711 passiva,
975 2646 1059 2710 quae
1084 2623 1235 2709 exempla

167 2730 290 2797 adferri
313 2731 394 2796 nihil
418 2754 499 2818 opus
524 2742 581 2797 cst.

599 2839 644 2927 2.)
669 2861 697 2908 e.
722 2839 800 2906 dat.

255 2945 307 3011 De
332 2949 416 3035 ἔχειν
440 2949 516 3013 ὑπὸ
542 2951 582 3036 τῇ
605 2947 716 3036 ψήφῳ,
741 2953 760 3030 ξ
784 2947 815 3032 2,
841 2945 929 3033 quod
953 2954 1002 3010 est
1025 2967 1126 3010 unum
1143 2967 1234 3030 prae·

165 3053 335 3138 positionis
360 3055 419 3118 ύπὸ
444 3077 519 3118 cum
549 3053 661 3118 dativo
695 3054 888 3118 coniunctae
918 3051 1115 3138 exemplum,
1146 3074 1177 3119 v,
1202 3075 1234 3137 p.

166 3159 209 3224 66
233 3159 308 3225 adn.
334 3181 372 3225 ac
395 3183 435 3224 ne
1113 3172 1116 3182 ·

487 3268 532 3351 3.)
565 3289 649 3330 cum
673 3265 915 3331 accusativo

167 3375 299 3462 quidem
329 3373 500 3462 copulatur
530 3375 589 3440 ύπύ
614 3373 677 3438 nisi
709 3373 797 3456 §70
829 3374 900 3439 ύπὸ
937 3375 996 3461 τὴν
1031 3373 1128 3438 νύκτα
1160 3373 1182 3438 i.
1208 3395 1234 3438 e.

168 3481 239 3548 ‘sub
264 3482 412 3549 noctem'.

256 3591 326 3656 Iam

580 3694 622 3765 de
644 3693 826 3785 particulis

168 3804 393 3891 disputaturus
407 3803 559 3869 excusari
570 3826 621 3868 me
635 3803 743 3889 velim,
761 3801 848 3889 quod
866 3801 899 3866 in
913 3801 975 3866 hac
991 3799 1124 3887 quidem
1140 3807 1234 3884 parte

166 3934 274 3998 pauca
297 3911 520 3977 tantummodo
546 3908 806 3975 commemorabo
823 3908 966 3995 potiora:
991 3906 1110 3972 etenim
1126 3927 1232 3992 neque

166 4018 269 4083 multa
299 4018 436 4104 praebet
465 4014 702 4103 particularum
734 4037 812 4080 usus
836 4014 1031 4102 Lycurgeus
1055 4037 1074 4078 a
1098 4011 1237 4098 reliquo·
1355 4007 1358 4010 ’

167 4148 239 4190 rum
269 4123 505 4190 consuetudine
538 4121 748 4188 abhorrentia
782 4128 813 4185 et
845 4120 954 4205 timec,
988 4143 1039 4204 ne,
1065 4119 1093 4184 si
1117 4119 1236 4204 omnia,

169 4255 252 4320 quae
276 4232 390 4298 ordine
414 4231 542 4315 collegi,
567 4230 656 4318 typis
681 4227 900 4294 exscribenda
926 4249 1084 4313 curarem,
1109 4226 1142 4290 in
1170 4247 1235 4289 ma·

168 4363 270 4425 gnum
292 4340 444 4407 volumen
468 4337 677 4404 adcresceret
698 4338 781 4402 hacc
805 4335 1000 4401 dissertatio.
