3120 4930
720 459 945 522 „24-

290 654 442 741 Xenoph.
459 653 568 720 Anab,
584 655 611 739 I,
626 656 656 741 3,
676 656 726 718 14.
740 655 763 742 ¹)
778 695 823 703 -
838 654 1080 740 perspicuitatis
1097 663 1216 734 autem,
1234 663 1269 720 ut
1282 656 1366 742 dixi,

291 760 398 828 studio
421 761 588 848 scriptoris
612 761 672 825 hoc
696 783 800 846 genus
824 761 1003 827 attribuere
1020 761 1105 826 malo
1129 784 1226 848 quam
1253 762 1366 846 negle-

291 867 421 953 gentiae
453 876 551 955 atque
582 867 793 951 festinationi,
826 891 1024 960 quamquam
1058 869 1247 951 limatiores,
1274 869 1366 934 velut

291 975 480 1061 Isocratem,
504 973 584 1038 talia
607 997 672 1040 non
696 973 867 1040 admisisse
891 968 1140 1041 concedendum
1164 985 1221 1040 est.

680 1280 719 1345 A.
756 1278 972 1344 NUMERI.

380 1404 519 1490 Saepius
549 1404 644 1470 solito
680 1397 851 1494 Lycurgus
882 1403 1086 1490 pluralem
1111 1405 1364 1470 abstracto-

291 1535 380 1577 rum
405 1535 488 1598 quae
519 1521 680 1576 vocantur
709 1513 988 1578 substantivorum
1021 1523 1167 1598 usurpat,
1202 1513 1258 1599 qni
1281 1535 1359 1577 usus

291 1619 435 1684 maxime
458 1619 596 1684 Isocrati
620 1620 791 1685 familiaris
822 1629 870 1684 est
902 1619 959 1708 (ef.
984 1613 1120 1684 Gehlert
1143 1619 1163 1684 l.
1189 1643 1217 1688 e.
1241 1643 1272 1706 p.
1299 1621 1364 1704 20,

292 1725 402 1791 Bromi
426 1748 497 1790 exo.
522 1725 597 1792 VII.
623 1727 666 1792 ad
689 1728 789 1792 Isocr.
815 1737 910 1792 oratt.
927 1735 1012 1811 part.
1030 1726 1056 1791 Ι.
1074 1764 1116 1774 -—
1134 1725 1172 1797 E.
1189 1725 1231 1792 H.
1249 1725 1363 1811 Haupt

291 1833 310 1900 l.
336 1855 363 1897 c.
386 1855 421 1917 p.
446 1833 502 1920 7.),
526 1833 572 1899 ita
594 1843 631 1898 ut
654 1833 716 1899 hac
741 1856 870 1920 quoque
895 1833 988 1897 iure
1018 1832 1111 1898 illum
1134 1841 1264 1896 secutus
1289 1855 1361 1897 esse

291 1938 463 2020 videatur,
491 1939 592 2026 idque
622 1950 712 2006 tanto
741 1940 896 2005 libentius
929 1949 1092 2005 oratorem
1126 1940 1242 2004 fecisse
1274 1949 1364 2025 puto,

293 2045 370 2133 quia
394 2046 455 2110 hoc
480 2045 612 2111 dicendi
636 2069 740 2132 genus
763 2047 905 2113 sermoni
928 2047 1068 2132 poetice,
1086 2068 1182 2131 quem
1206 2045 1363 2128 adfectat,

292 2151 398 2237 magis
423 2175 520 2238 quam
543 2153 688 2238 pedestri
713 2155 876 2219 convenit.
901 2193 943 2202 -
967 2152 1133 2237 signifieat
1156 2160 1265 2235 autem
1289 2152 1360 2238 plu-

293 2259 417 2324 rativos
442 2281 595 2324 numerus
619 2260 765 2346 singulos
783 2283 877 2324 casus
902 2258 1112 2324 condiciones
1135 2268 1249 2341 status,
1274 2257 1365 2322 velut

294 2367 422 2456 χάριτες
455 2372 466 2451 (
493 2417 500 2432 .
525 2367 626 2452 infra)
658 2378 734 2432 sunt
758 2367 881 2431 indicia
904 2366 1032 2451 gratiae
1057 2375 1089 2430 et
1111 2364 1362 2430 benevolentiae

293 2473 664 2562 (Gunstbezeugungen,
698 2474 1048 2559 Gnnsterweisungen)
1085 2473 1137 2537 vel
1161 2473 1233 2558 ipsa
1265 2472 1363 2555 dona,

293 2590 349 2646 aut
372 2580 507 2645 denotat
530 2582 676 2668 singulas
710 2589 878 2647 concretas
911 2602 973 2665 ree,
998 2603 1082 2666 qnae
1108 2602 1170 2644 uno
1195 2580 1361 2644 abstracto

292 2687 423 2754 nomine
447 2689 665 2773 continentur,
690 2689 780 2753 velut
803 2687 922 2774 plurali
946 2688 1051 2753 odaiae
1076 2686 1227 2771 designat
1250 2695 1359 2752 orator

293 2793 409 2864 multas
443 2796 600 2882 pecunias
633 2796 703 2860 sive
743 2795 815 2860 auri
854 2797 1048 2880 argentique
1080 2815 1226 2859 acervos.
1251 2834 1296 2843 —
1320 2795 1362 2859 of.
1452 2802 1458 2812 ’

293 2903 450 2968 Kuehner
473 2910 493 2987 ξ
517 2904 592 2988 348,
617 2905 647 2970 3.
694 2902 889 2991 Bernhardy
912 2924 944 2986 p.
962 2903 1014 2967 62.
1042 2942 1079 2952 -
1106 2900 1257 2986 exempla
1274 2901 1363 2986 apud

293 3010 486 3098 Lycurgum
508 3011 590 3076 haee
614 3019 706 3074 sunt:

382 3123 424 3200 ἓξ
449 3119 500 3202 78,
527 3118 578 3202 79,
603 3119 644 3184 97
669 3119 829 3183 ἀδικίαι.
856 3119 896 3181 ef.
922 3117 1024 3184 Isocr.
1048 3115 1142 3201 VIII,
1170 3115 1242 3180 141.

382 3231 402 3308 ξ
428 3225 490 3290 133
514 3227 686 3314 ἀτυχίαι.
712 3226 753 3290 ct'.
771 3225 870 3289 Isocr.
888 3223 946 3307 IV,
966 3224 1037 3288 112.
1052 3222 1130 3306 XII,
1148 3225 1179 3288 9.
1193 3221 1361 3288 Demosth.

294 3330 416 3418 XLIV,
441 3333 493 3397 66.
540 3332 694 3400 Aeschin.
720 3332 783 3417 III,
808 3332 862 3398 79.
895 3329 897 3334 ’

383 3445 426 3522 ἕξ
449 3439 503 3524 49,
528 3439 580 3522 64,
607 3438 648 3503 75
672 3439 864 3504 διάνοιαι.

384 3547 493 3630 §128
520 3549 748 3636 ἐπικουρίαι
782 3548 835 3632 (cl.
869 3547 1021 3636 βοήθειαι
1052 3547 1151 3613 Isocr.
1186 3546 1244 3630 IV,
1281 3548 1361 3634 Ι125.

293 3653 335 3738 V,
362 3655 414 3719 31.
461 3653 630 3718 Demosth.
655 3653 818 3737 XXXIV,
843 3654 922 3736 52).

383 3765 403 3840 ξ
426 3759 470 3824 46
494 3762 673 3842 εὐλογίαι
696 3759 847 3846 (pluralis
872 3760 966 3824 huius
991 3761 1130 3825 nominis
1154 3761 1259 3845 magis
1287 3783 1359 3845 poe-

294 3876 400 3932 tarum
425 3888 495 3931 esse
520 3867 660 3951 videtur,
686 3867 862 3951 singularis
885 3868 1050 3932 invenitur
1082 3890 1134 3952 ap.
1160 3867 1261 3932 Isocr.
1287 3867 1362 3946 VII,

296 3975 347 4040 76.
395 3976 546 4065 Thucyd.
570 3977 613 4062 II,
638 3977 692 4062 42,
721 3979 762 4060 l).

385 4233 404 4300 ¹)
425 4233 512 4287 etiam
531 4233 544 4300 ξ
565 4232 693 4302 117s118:
713 4233 794 4288 αὐτὸς
814 4229 1069 4308 ὃ“]πιιαρχος....
1097 4231 1112 4305 ἡ
1131 4231 1213 4286 εἰκῶν
1238 4233 1283 4286 τοῦ
1300 4229 1360 4284 ‘ln-

295 4323 403 4395 ιιάρχου
422 4323 467 4374 τοῦ
486 4315 617 4396 apodixen
635 4322 712 4376 haud
731 4323 789 4376 scio
810 4339 846 4376 an
866 4320 1013 4389 sufficeret
1032 4319 1136 4376 ἐκείνου
1156 4325 1201 4374 τοῦ
1215 4320 1354 4396 προδότου.
