3120 4930
594 527 812 592 ..85-

168 742 227 808 de':
253 748 273 824 ξ
293 741 336 806 59
352 739 447 816 Ἥξει
471 741 497 806 (λ’
506 741 582 813 ἴσως
599 741 644 806 ἐπ’
662 744 780 806 ἐκεῖνον
799 743 967 823 τὸνλόγον
1033 740 1194 828 Exempla

258 849 433 937 φερόμενος
466 851 521 912 κτλ
554 847 643 930 (hine
674 847 828 912 refutatio
852 848 968 934 incipit
1005 847 1048 913 ad
1073 869 1122 928 ea,
1147 835 1236 933 ¹quae

258 955 355 1020 totius
380 954 549 1036 orationis)
629 941 633 948 ¹
1011 956 1091 1019 κατὰ
1115 956 1222 1040 δόξαν,

170 1064 257 1128 οὖν·
279 1063 359 1144 §63
378 1059 465 1133 Ἴσως
489 1063 557 1126 οὖν
581 1069 646 1126 τῶν
662 1064 855 1151 συνηγόρων
878 1068 969 1149 αὐτῷ
1031 1069 1067 1124 ut
1091 1061 1204 1125 dicunt

259 1171 412 1258 τολμήσει
437 1192 481 1240 τις
505 1172 601 1234 εἰπεῖν
625 1173 689 1234 κτλ.
1043 1167 1195 1254 techniaI,

170 1278 234 1342 καί
241 1301 320 1342 τοι.·
338 1281 357 1358 ξ
371 1275 413 1339 90
430 1267 571 1342 Καίτοι
587 1301 622 1359 γε
639 1277 845 1366 ἐπεχείρησεν
862 1280 968 1359 εἰπεῖν,
1008 1275 1229 1360 proferuntur,

260 1385 277 1448 ὃ
301 1383 351 1448 καί
375 1386 430 1448 νῦν
454 1383 530 1456 ἴσως
555 1387 621 1472 ἐρεῖ
635 1387 713 1472 πρὸς
731 1384 820 1470 ὑμᾶς,
844 1385 886 1456 ὡς
903 1389 968 1450 κτλ.
1025 1382 1215 1468 spectantia.

172 1491 212 1556 ef.
237 1492 321 1556 Isae.
347 1490 390 1574 X,
422 1490 470 1554 18.
506 1489 585 1578 Lys.
610 1489 654 1576 X,
679 1492 708 1556 6.
733 1491 846 1572 XXII,
869 1493 917 1556 11.
943 1490 1104 1572 XXXI.
1139 1490 1239 1555 Isoer.

260 1597 337 1683 VII,
361 1597 413 1662 36.
438 1596 531 1680 XIV,
567 1599 617 1661 11.
642 1598 737 1683 XIX,
761 1599 815 1663 42.
848 1598 1016 1665 Demosth.
1042 1597 1240 1682 XXXVIII,

263 1705 315 1770 23.
340 1703 432 1786 XLI,
460 1705 510 1768 12.
658 1713 660 1718 '

173 1849 228 1915 ds':
254 1853 274 1932 ἓ
297 1848 339 1913 55
364 1848 566 1934 πυνθάνομαι
583 1851 624 1914 δὲ
640 1852 738 1914 αυτὸν
762 1851 974 1938 ἐπεχειρήσειν
1050 1849 1052 1854 ’

263 1957 341 2043 ὑμᾶς
365 1959 523 2030 ἐξαπατᾶν
547 1960 691 2038 λέγοντα,
715 1957 758 2028 ὡς
784 1961 849 2020 κτλ.
1024 1973 1091 2040 κατ’
1117 1971 1216 2062 modu

218 2063 304 2147 §68
329 2063 503 2145 Ἀγανακτῶ
538 2065 579 2128 δὲ
612 2064 759 2149 μάλιστα,
796 2064 822 2126 ὦ
849 2065 973 2151 ἄνδρες,
1074 2115 1224 2180 ,rantur

263 2171 389 2236 ἐπειδὰν
412 2169 540 2247 ἀκούσω
566 2177 630 2234 τῶν
653 2171 734 2256 μετά
755 2170 872 2235 τούτου
890 2100 1106 2363 τινὸςιρῖὈΘ
1225 2161 1233 2180 ⁸

263 2279 421 2360 λέγοντος,
446 2277 488 2349 ὡς
512 2281 577 2343 κτλ.

175 2407 216 2471 et'.
241 2404 322 2492 Lys.
346 2402 458 2488 XXX,
487 2404 536 2469 17.
583 2403 679 2470 Isoer.
705 2402 833 2485 XVIII,
861 2403 911 2468 13.
959 2400 1126 2470 Demosth.
1147 2399 1242 2484 XIX,

267 2511 339 2575 182.
375 2511 450 2576 201.
486 2551 528 2564 ψ
564 2510 644 2600 Lys.
670 2511 766 2594 XIII,
804 2511 855 2576 55.
893 2510 945 2592 77,
971 2509 1023 2576 85.
1059 2508 1187 2590 XXVI,
1212 2508 1242 2572 3.

264 2617 308 2700 X,
333 2619 376 2682 30
399 2631 459 2682 ete.

177 2744 333 2809 τοίνυν;
359 2743 429 2824 §dl
460 2742 564 2825 Χωρίς
590 2743 727 2806 τοίνυν
752 2741 876 2806 τούτων
893 2729 999 2824 Λεία-λ
1091 2742 1159 2806 κατ’

266 2850 383 2937 κράτος
407 2849 623 2937 ἀναβοήσεται
647 2849 768 2930 adnixa,
793 2848 837 2918 ὡς
860 2852 925 2914 κτλ.
992 2835 999 2928 Ι
1033 2832 1221 2920 ἕπῑθΐῆλῑην·

177 2958 219 3025 ef.
243 2955 322 3044 Lys.
347 2955 441 3039 XIV,
466 2963 496 3021 8.

177 3063 257 3130 iuris
281 3061 413 3128 iurandi
437 3062 600 3146 formulis,
635 3085 716 3148 quas
739 3061 871 3148 quidem
895 3063 929 3129 in
953 3061 1072 3130 talibus
1097 3061 1244 3130 Demost-

177 3172 276 3238 henes
300 3174 476 3257 praecipue
500 3169 636 3235 adhibet
658 3171 705 3257 (ν.
729 3169 909 3253 Rehdantz,
934 3169 1101 3238 Demosth.
1127 3169 1194 3236 ind.
1218 3169 1244 3236 Ι.

177 3301 203 3343 s.
227 3301 259 3346 v.
284 3279 458 3367 daopopd),
483 3278 659 3366 Lyeurgus
682 3300 723 3342 ue
748 3277 850 3346 semel.
871 3277 1002 3364 quidem
1026 3276 1136 3344 utitur.

266 3403 419 3468 Vidimus
450 3402 552 3489 igitur
583 3403 616 3468 in
645 3403 707 3467 hae
730 3401 930 3486 figuratum
955 3401 1039 3466 haue
1063 3398 1131 3466 'tum
1155 3399 1245 3466 illam

179 3510 375 3597 partieuiam
407 3509 569 3596 usurpari.
609 3517 706 3596 atque
743 3509 784 3574 de
819 3511 854 3574 δέ
890 3507 1022 3595 quidam
1056 3508 1122 3574 iam
1146 3529 1246 3592 supra

179 3621 227 3705 (p.
253 3624 307 3701 83)
331 3640 440 3702 pauca
464 3617 616 3684 diximus.
641 3617 755 3703 ntique
779 3616 957 3702 particulas

269 3725 409 3789 τοίνυν
434 3735 465 3788 et
488 3725 559 3789 οὖν

179 3833 211 3896 iu
237 3830 357 3897 talibus
380 3830 534 3916 usurpati
556 3831 700 3898 maxime
725 3839 979 3896 cousentaneum
1000 3841 1059 3914 est,
1084 3829 1246 3916 quoniam,

180 3961 264 4024 quae
287 3947 337 4002 est
360 3960 473 4004 aarum
495 3947 623 4020 natura,
649 3959 842 4022 praegressa
865 3936 1040 4004 absolvunt
1056 3937 1246 4031 prationem-

181 4069 244 4132 que
268 4045 474 4128 continuant,
510 4045 598 4131 quod
622 4045 727 4130 ipsum
758 4045 792 4109 iu
816 4045 885 4128 his,
921 4045 962 4110 de
998 4045 1117 4131 quibus
1151 4045 1246 4110 modo

181 4153 430 4238 disputavimus,
456 4151 776 4238 praesumptionibus
794 4152 925 4218 accidit.
950 4151 1031 4219 illud
1047 4175 1125 4216 vero
1144 4155 1248 4235 magis

182 4259 254 4346 quis
277 4259 422 4337 miretur,
448 4259 535 4346 quod
559 4258 720 4344 particula
744 4260 861 4343 τοίνυν,
888 4282 985 4346 quam
1002 4259 1191 4346 saepissime
1215 4259 1249 4322 in

182 4366 254 4458 ipsa
289 4367 351 4431 hae
384 4366 492 4454 figura
527 4374 671 4437 oratores
706 4374 866 4459 usurpant
901 4367 946 4459 (v.
973 4365 1124 4454 axempia
1146 4386 1246 4454 supra
