3120 4930
743 482 966 546 ...10-

404 687 423 763 §
447 679 490 745 49
516 679 588 748 τοὺς
613 684 678 747 ταῖς
695 678 845 748 διανοίαις
862 678 1042 765 πτήξαντας
1059 681 1115 742 τὸν
1134 685 1198 742 τῶν
1224 681 1381 744 ἐπιόντων

315 789 429 874 φόβον.

403 897 423 976 ξ
447 893 490 956 50
513 891 672 977 στέφανον
698 895 752 978 τῆς
766 892 928 982 Χπατρίδος
953 891 1030 954 εἶναι
1048 898 1103 963 τάς
1120 894 1249 957 ἐκείνων
1264 895 1381 981 ψυχάς.

402 1005 422 1082 ξ
447 999 485 1063 tl
512 1007 570 1062 οὐκ
585 1001 624 1060 ἀν
640 998 832 1062 κατέλευσαν
847 1000 903 1062 τὸν
917 997 1171 1085 καταισχύνοντα
1196 1002 1254 1088 τὴν
1274 1001 1382 1064 αὑτῶν

314 1107 478 1194 ἀριστείαν
517 1105 616 1192 („den
653 1104 824 1170 Schander
862 1105 948 1169 ihres
981 1104 1217 1180 Hcldentums“
1252 1107 1383 1194 Rehd.).

314 1211 458 1300 ἀριστεία
481 1210 602 1295 legitur
631 1211 719 1296 apud
743 1210 895 1297 Sophocl.
921 1212 1028 1298 (Aiao.
1054 1213 1119 1276 443
1150 1213 1200 1278 ed.
1226 1211 1380 1296 Nauck),

315 1319 347 1382 in
372 1318 503 1383 Anthol.
527 1317 630 1383 Palat.
658 1317 746 1399 (VH,
771 1320 847 1403 312,
866 1321 910 1402 2),
928 1318 1072 1404 pluriens
1090 1319 1178 1404 apud
1194 1319 1383 1384 Homerum.

404 1440 423 1518 ξ
446 1435 489 1499 89
512 1437 588 1500 οὐδὲ
611 1437 671 1522 γὰρ
695 1438 791 1500 καλὸν
814 1437 915 1522 αὐτὴν
940 1435 1000 1521 (sc.
1034 1437 1091 1522 τὴν
1116 1439 1189 1523 γῆν)
1216 1435 1382 1502 καλύπτειν

317 1544 389 1614 τοὺς
428 1545 467 1630 τῇ
503 1547 602 1631 ἀρετῇ
637 1544 849 1631 διαφέροντας
886 1543 935 1606 καί
971 1545 1027 1608 τὸν
1062 1543 1211 1608 κάκιστον
1255 1546 1384 1609 πάντων

317 1651 511 1737 ἀνθρώπων.

405 1757 466 1840 frg.
492 1755 534 1820 75
560 1759 595 1820 τὸ
622 1759 678 1820 τοῦ
705 1757 794 1845 ἡλίου
819 1763 886 1843 φῶς
909 1757 989 1844 ὁρᾶν
1014 1756 1049 1840 (i.
1075 1779 1104 1842 q.
1133 1759 1218 1844 ζῆν).

404 1865 468 1949 frg.
494 1864 535 1928 75
570 1863 742 1953 ὑπόμνημα
779 1864 917 1946 γεγονὼς
961 1863 1116 1954 αἰσχύνης
1152 1865 1201 1929 καί
1238 1865 1380 1936 ὀνείδους

318 1975 357 2058 τῇ
382 1971 520 2058 πατρίδι.

406 2077 461 2162 (cf.
486 2075 580 2141 Blass
605 2077 626 2142 l.
650 2099 675 2142 c.
701 2099 732 2161 p.
761 2077 848 2162 100.)
922 2061 933 2078 ⁸

403 2184 621 2248 Transeamus
644 2184 708 2247 iam
732 2183 775 2247 ad
796 2207 843 2268 ea,
869 2207 963 2271 quac,
989 2185 1023 2249 ni
1047 2185 1152 2266 fallor,
1178 2193 1253 2249 sunt
1276 2185 1381 2259 ἅπαξ

317 2292 522 2378 λεγόμενα.

403 2397 466 2480 irg.
514 2400 533 2461 2
576 2395 802 2464 “εδιολιάσαι
837 2400 858 2464 i.
899 2423 926 2465 e.
963 2400 1161 2474 καδέζεσδαι
1193 2399 1384 2486 (deducitur

316 2505 358 2570 ab
383 2504 551 2589 ἑδώλια).

404 2612 465 2697 frg.
491 2612 533 2691 89
558 2614 765 2697 ἐπέγγυος,
803 2613 890 2700 quod
915 2615 995 2700 quid
1018 2615 1137 2698 valeat,
1162 2613 1383 2697 colligendum

315 2726 364 2782 est
388 2741 406 2782 c
430 2719 593 2783 contraria
616 2721 707 2784 vocis
730 2721 883 2804 ἀνέγγυος
907 2721 1155 2806 significatione,
1182 2743 1265 2807 quac
1289 2731 1383 2784 extat

314 2825 402 2911 apud
433 2824 602 2890 Platonem
632 2831 731 2913 (resp.
756 2829 786 2892 5.
812 2851 842 2912 p.
867 2829 928 2892 461
956 2829 995 2893 Β.
1021 2830 1122 2895 νόδον
1154 2829 1202 2892 καί
1227 2828 1382 2910 ἀνέγγυον

315 2935 433 3018 παῖδα),Ι
469 2932 677 2997 Plutarchum
710 2933 836 3016 (moral.
869 2956 900 3019 p.
935 2935 1026 3019 249),
1061 2935 1198 2999 Dionem
1235 2934 1383 3000 Cassium

316 3039 382 3122 (59,
419 3041 483 3122 12).
541 3048 589 3102 est
629 3049 737 3104 autem
771 3043 924 3124 ἀνέγγυος
962 3064 1037 3126 cnou
1078 3041 1278 3127 desponsus’,
1302 3062 1380 3125 ergo

316 3148 467 3229 ἐπέγγυος
491 3155 539 3210 est
560 3146 770 3231 cdesponsus'.

403 3254 465 3338 frg.
491 3254 533 3320 93
550 3254 795 3342 κτηγιατίτιγς
811 3255 913 3340 estis,
932 3255 988 3342 qui
1004 3255 1105 3320 multa
1122 3255 1220 3320 habet
1238 3257 1383 3344 κτήματα

316 3363 371 3445 (οί.
398 3361 488 3432 Ρίιοί,
513 3359 577 3426 lex.
602 3382 634 3445 p.
661 3360 749 3444 181.)

405 3468 467 3551 frg.
493 3467 534 3530 28
559 3468 715 3554 oec'pevu
748 3490 794 3533 sc.
819 3468 927 3555 ίμοίτια
960 3478 1036 3532 sunt
1060 3477 1168 3532 vestes
1200 3478 1324 3532 tenues
1349 3477 1380 3531 et

316 3574 510 3662 pellucidae,
517 3573 618 3638 calori
627 3575 758 3639 aestatis
770 3575 1035 3640 accommodatae
1049 3576 1104 3660 (cf.
1117 3574 1276 3660 Harpocr.
1288 3597 1313 3640 s.
1325 3578 1382 3650 u).

405 3681 467 3764 frg.
494 3682 535 3745 85
568 3683 987 3771 σπογγοκολυγιβιγτής
1011 3681 1177 3766 significat
1210 3704 1292 3765 cum,
1328 3682 1384 3767 qui

315 3789 375 3854 sub
408 3812 494 3874 aqua
526 3789 715 3874 submergit,
748 3799 784 3854 ut
814 3790 969 3874 spongias
999 3789 1136 3876 rupibus
1168 3789 1382 3853 adhaerentes

316 3897 437 3963 avellat
460 3899 675 3985 extrahatque
700 3882 795 3982 (Poll.
820 3899 896 3985 VII,
923 3901 1009 3980 137).

404 4005 537 4072 Addere
550 4005 640 4070 iuvat
654 4006 705 4069 hic
718 4006 913 4072 adverbium
926 4017 971 4071 αὐ
980 4032 1022 4070 το
1031 4007 1139 4095 χειρί
1151 4005 1241 4090 apud
1258 4003 1381 4068 nullum

317 4135 421 4198 neque
445 4122 575 4197 poetam
590 4135 695 4198 neque
712 4113 837 4176 solutae
854 4113 1009 4178 orationis
1023 4113 1216 4198 scriptorem
1240 4111 1385 4175 inveniri

316 4219 380 4283 nisi
407 4219 505 4284 semel
538 4219 626 4304 apud
658 4219 895 4285 Callimachum
935 4221 1052 4304 (epigr.
1084 4220 1196 4302 XXII,
1221 4221 1242 4283 3
1266 4218 1317 4281 ed.
1342 4216 1381 4284 Ο.

318 4308 668 4430 Βολιδολᾷοιςγγξὶξυᾷιο
701 4327 889 4418 αὐτοχειρίᾳ
920 4325 1094 4392 adhibetur
1126 4327 1197 4390 loco
1232 4323 1383 4394 adverbii
