3120 4930
576 475 798 546 -et-

152 677 278 740 tumvis
313 675 443 760 singula
479 674 582 740 verbe
606 674 800 762 Lycurgum
835 697 876 738 ex
908 684 1079 758 poetarum
1104 695 1222 760 genere

150 783 290 848 dicendi
312 783 504 868 repetivisse
528 781 683 866 vidimus)
708 783 770 846 hoc
794 781 920 848 licitum
944 783 1053 848 fuisse.

244 891 284 954 ln
308 890 502 976 exponendo
530 890 595 954 iam
630 889 831 973 singulorum
856 890 1135 974 praepositionum
1160 913 1220 954 usu

149 1021 230 1062 eum
253 997 436 1062 observabo
462 997 619 1080 ordinem,
646 1005 680 1060 ut
704 997 844 1082 primum
861 997 968 1061 dicam
993 997 1034 1060 de
1058 997 1103 1062 eis
1128 1019 1219 1081 prac-

149 1104 387 1190 positionib'us,
422 1127 506 1190 quae
530 1127 629 1168 unum
655 1127 765 1169 casum
790 1112 919 1189 regunt,
954 1103 1074 1167 deinde
1100 1105 1140 1167 de
1165 1105 1221 1186 eis,

150 1235 240 1298 quae
276 1235 349 1276 omn
386 1211 530 1295 duobus,
564 1211 705 1298 denique
741 1211 781 1276 de
817 1213 878 1294 eis,
913 1233 1093 1297 quaecum
1117 1208 1221 1276 tribus

150 1319 286 1384 casibus
310 1319 464 1402 coniungi
488 1329 634 1404 possunt.

676 1479 702 1546 1.

207 1623 243 1679 Δ.
263 1623 307 1680 De
324 1624 601 1692 praepositionibus
621 1640 687 1680 cum
709 1625 774 1679 solo
795 1624 965 1680 accusativo
985 1625 1164 1680 conlunctls.

659 1755 722 1802 εις,

243 1854 476 1939 Exemplorum
508 1857 541 1919 in
576 1856 694 1943 quibus
719 1855 911 1942 principalis
936 1864 967 1919 et
991 1856 1105 1920 nativa
1128 1879 1220 1942 prae-

152 1961 323 2046 positionis
348 1964 391 2034 εἰς
414 1963 513 2046 notio,
538 1963 558 2028 i.
584 1987 610 2027 e.
636 1963 709 2042 loci,
734 1964 776 2029 ad
800 1986 895 2049 quem
920 1963 1005 2028 actio
1030 1963 1099 2028 sive
1116 1973 1220 2028 motus

152 2067 272 2154 aliquis
297 2068 469 2156 derigitur,
493 2079 624 2135 servata
647 2071 716 2136 fere
741 2080 798 2155 est,
833 2071 914 2135 haec
938 2071 1096 2136 adnotatu
1121 2071 1221 2156 digna

152 2197 224 2239 esse
260 2175 433 2243 videntur:
470 2183 489 2261 ξ
517 2181 551 2242 11
587 2181 641 2250 εἰς
672 2181 750 2266 ὑμᾶς
788 2179 915 2244 εἰσιέναι
948 2177 1001 2244 <ad
1036 2201 1094 2244 vos
1117 2200 1162 2242 sc.
1187 2179 1220 2242 in

152 2281 312 2362 iudicium
335 2306 359 2354 s,
385 2284 428 2349 ad
452 2307 511 2348 vos
540 2285 665 2350 iudices
701 2287 825 2350 venire⁷
861 2287 1019 2372 (quocum
1043 2295 1119 2370 apte
1144 2309 1218 2350 con-

151 2389 298 2454 ferentur
322 2391 421 2456 Isocr.
438 2391 516 2473 XX,
534 2393 576 2455 22
593 2394 711 2478 ἀναβὰς
736 2395 773 2456 εἱ
778 2417 790 2464 ς
808 2394 886 2480 ὑμᾶς
902 2393 1030 2474 λεγέτω.
1055 2391 1220 2456 Demosth.

151 2496 245 2580 XLI,
283 2499 379 2570 leis
415 2501 493 2585 ὑμᾶς
529 2500 686 2589 κατέστην
711 2501 795 2586 otc),
831 2503 894 2582 §2
931 2502 985 2571 είς
1020 2502 1077 2564 τὸν
1111 2505 1221 2581 ἀγῶνα

153 2604 330 2692 καθίστημι
365 2627 408 2668 sc.
435 2609 492 2670 τὸν
516 2608 691 2694 προδόντα,
731 2612 750 2686 ,ξ
775 2607 795 2669 (i
819 2609 853 2670 εί
860 2629 873 2677 ς
897 2608 951 2677 τὰς
976 2607 1080 2677 κοινὰς
1105 2606 1219 2693 κρίσεις

152 2713 343 2776 καθιστάναι
367 2714 473 2796 (τοὺς.
489 2764 495 2776 .
508 2716 609 2801 μηδὲν
633 2715 843 2787 ἀδικοῦντας).

242 2818 357 2883 Paullo
380 2819 513 2886 uberius
531 2820 707 2884 dicendum
723 2828 771 2884 est
787 2821 827 2884 de
844 2826 864 2902 ξ
880 2821 922 2884 85
940 2819 1219 2890 κατακλεισθέντες

151 2928 398 3015 ἐπολιορκοῦντο
424 2929 473 2991 καί
506 2928 730 3016 διεκαρτέρουν
767 2930 806 2992 εί
816 2953 828 3000 ς
863 2930 920 3016 τὴν
954 2929 1101 3016 πατρίδα,
1136 2949 1219 3012 quae

151 3033 255 3097 verba
289 3045 422 3120 propter
455 3035 614 3102 rariorem
648 3034 780 3098 dicendi
814 3034 973 3098 rationem
1006 3056 1083 3097 num
1117 3033 1219 3097 teneri

150 3139 289 3226 possint,
304 3140 458 3219 'Bekken
482 3141 651 3204 Rehdantz
677 3141 830 3228 (append.
848 3141 906 3228 ΙΙ.)
930 3140 986 3204 alii
1009 3140 1219 3204 vehementer

151 3246 313 3315 dubitant.
347 3246 405 3311 sed
430 3247 571 3312 traditae
595 3246 744 3312 lectionis
760 3246 937 3312 mutandae
953 3246 1130 3312 necessitas
1146 3269 1219 3310 mea

151 3352 285 3439 quidem
319 3353 484 3419 sententia
517 3353 607 3420 nulla
642 3363 691 3418 est
724 3376 829 3439 neque
863 3357 905 3425 εἰς
938 3352 1135 3440 praepositio
1170 3353 1218 3436 (id

150 3459 238 3546 quod
262 3460 432 3525 Rehdantz
457 3460 540 3543 vult)
574 3483 647 3524 cum
681 3461 963 3532 κατακλεισθέντες
988 3460 1219 3543 coniungenda

149 3574 208 3634 est.
255 3567 352 3642 immo
387 3567 498 3634 subest
530 3567 632 3632 verbo
666 3571 883 3656 διακαρτερεῖν
907 3567 1032 3654 aliquid
1056 3567 1217 3651 significa-

148 3677 247 3755 tionis
264 3677 439 3742 verborum
456 3677 644 3758 ἀναλίσκειν,
662 3679 805 3740 δαπανᾶν
821 3675 1039 3762 similiumque
1055 3674 1217 3740 hocloco:

149 3781 337 3870 quicunque
373 3786 575 3870 διακαρτερεῖ
608 3783 629 3846 i.
666 3805 693 3846 e.
730 3783 910 3868 perpetitur
946 3782 1079 3868 aliquid,
1119 3783 1216 3865 vires,

149 3913 293 3976 operam,
311 3913 423 3956 curam
441 3891 602 3954 consumit
617 3890 651 3955 in
667 3889 724 3954 illa
739 3913 784 3954 re.
822 3891 974 3976 quoniam
991 3899 1099 3954 autem
1115 3889 1217 3954 verba

148 3995 206 4061 illa
229 4020 357 4084 semper
380 3999 449 4062 fere
473 3998 569 4097 etiam
595 4021 615 4061 a
630 3997 786 4085 Lycurgo
812 4019 885 4062 cum
908 3997 1151 4083 praepositione
1175 3999 1217 4068 εἰς

147 4103 392 4190 coniunguntur
416 4107 446 4190 (ξ
463 4106 505 4170 46
523 4107 565 4176 εἰς
583 4105 642 4191 τὴν
666 4105 775 4190 κοινὴν
792 4105 1087 4194 σιντηρίαν....τιλς
1110 4106 1216 4191 ψυχὰς

147 4215 256 4279 αὐτῶν
279 4213 456 4278 ἀνάλωσαν.
482 4213 562 4298 §94
586 4215 628 4284 εἰς
653 4213 901 4284 τούτοινς...τδν
925 4213 1032 4277 αὑτῶν
1047 4214 1119 4298 βίον
1143 4236 1202 4276 κατ

146 4323 310 4385 αναλιῖισαι
343 4361 385 4366 -
419 4321 474 4407 [cf.
507 4319 673 4384 Demosth.
711 4319 769 4404 IV,
804 4320 856 4386 35.
882 4321 945 4404 HI,
969 4319 1022 4382 28.
1048 4319 1140 4404 VIII,
1165 4319 1214 4384 54.
